2709 4325
133 264 150 319 1.
164 266 231 337 351·]
375 248 449 316 The
481 248 616 316 Wators
638 270 704 315 arc
725 249 890 316 recalled.
1128 266 1169 341 15

128 442 173 508 hic
184 444 238 509 ubi
255 444 457 511 Deucalion
467 464 605 511 -nam
622 454 736 512 cetera
751 455 883 513 texerat
898 468 1081 536 aequor-

125 570 190 614 cum
205 563 367 618 consorte
383 552 447 619 tori
464 573 572 638 parva
587 563 660 617 rate
675 564 795 617 vectus
809 554 978 631 adhaesit,

124 652 301 742 Corycidas
318 660 497 745 nymphas
513 668 547 723 et
562 658 706 723 numina
722 658 846 724 montis
862 660 1018 737 adorant,
1118 692 1170 748 ³20

121 760 358 850 fatidicamque
374 763 540 840 Themin,
557 784 647 851 quae
662 774 745 829 tunc
760 765 877 829 oracla
892 768 1039 833 tenebat

120 887 179 931 non
194 869 253 935 illo
269 871 397 935 melior
412 870 596 957 quisquam
612 890 678 935 nec
693 871 863 936 amantior
879 873 981 961 aequi

118 974 162 1056 vjr
176 976 250 1051 fuit,
271 990 334 1043 aut
348 978 409 1043 illa
426 978 631 1043 metuentior
644 978 717 1043 ulla
733 978 888 1044 deorum.

125 1067 314 1168 ‘''Juppiter
329 1095 367 1149 ut
382 1084 522 1171 liquidis
539 1094 701 1172 stagnare
717 1085 901 1170 paludibus
915 1086 1049 1164 orbern,

118 1197 147 1250 et
160 1208 346 1274 superesse
361 1190 474 1255 virum
490 1191 534 1255 de
550 1200 599 1255 tot
614 1192 717 1257 modo
731 1191 870 1257 milibus
884 1214 1006 1269 unum,
1117 1224 1169 1281 325

118 1302 148 1357 et
161 1315 345 1379 superesse
359 1297 455 1362 videt
469 1297 514 1362 de
529 1306 579 1361 tot
594 1298 697 1362 modo
712 1297 850 1363 milibus
864 1318 984 1375 unam,

117 1396 279 1469 innocuos
297 1404 433 1479 ambos,
450 1403 599 1469 cultores
615 1402 767 1469 numinis
781 1404 916 1480 ambos,
1021 1424 1024 1433 ·

119 1505 230 1573 nubila
246 1510 396 1598 disjecit,
414 1509 609 1596 nimbisque
626 1510 788 1596 aquilone
802 1511 943 1576 remotis

120 1621 150 1675 et
163 1616 259 1682 caelo
275 1628 386 1683 terras
402 1616 561 1694 ostendit,
580 1627 614 1681 et
630 1616 770 1681 aethera
785 1616 897 1682 terris.

121 1737 179 1784 nec
194 1723 302 1788 maris
317 1723 369 1787 ira
385 1731 515 1797 manet,
532 1720 711 1809 positoque
725 1722 912 1808 tricuspide
927 1724 996 1789 telo
1119 1754 1171 1810 330

120 1826 242 1893 mulcet
258 1850 367 1916 aquas
382 1840 495 1893 rector
508 1828 640 1915 pelagi,
658 1848 832 1915 supraque
847 1829 1056 1914 profundum

120 1943 307 2001 exstantem
323 1946 425 2021 atque
442 1934 604 1999 humeros
619 1934 740 2000 innato
755 1930 883 2000 murice
898 1945 1026 2000 tectum

120 2041 313 2105 caeruleum
329 2040 474 2105 Tritona
489 2050 602 2113 vocat,
625 2042 848 2128 conchaeque
864 2042 998 2106 sonanti

121 2140 286 2231 inspirare
298 2146 408 2236 jubet,
424 2144 618 2233 fluctusque
633 2158 667 2212 et
682 2146 826 2212 flumina
842 2147 944 2236 signo

119 2249 185 2337 jam
201 2274 365 2320 revocare
381 2255 475 2320 dato.
524 2251 622 2319 Cava
637 2253 764 2318 bucina
779 2253 924 2319 sumitur
938 2254 988 2320 illi
1118 2271 1169 2342 335·

121 2361 251 2437 tortilis,
266 2361 304 2426 iu
317 2361 426 2427 latum
439 2379 531 2446 quae
544 2360 682 2448 turbine
696 2360 820 2425 crescit
834 2361 879 2426 ab
894 2360 979 2438 imo,
992 2397 1040 2412 -

37 2552 41 2560 ι
121 2461 256 2544 bucina,
273 2487 363 2554 quae
379 2467 494 2532 medio
504 2466 669 2552 'concepit
684 2466 742 2531 ubi
759 2471 840 2531 aera
856 2477 973 2552 ponto,
1020 2462 1024 2468 ⁴

122 2567 214 2638 litora
230 2595 315 2640 voce
331 2574 442 2660 replet
457 2574 521 2638 sub
537 2573 681 2660 utroque
693 2571 845 2660 jacentia
859 2571 1016 2639 Phoebo.

122 2685 198 2744 tunc
213 2687 363 2767 quoque,
380 2689 418 2744 ut
432 2701 493 2744 ora
510 2679 565 2744 dei
582 2679 722 2758 madida
738 2679 889 2745 rorantia
904 2680 1014 2745 barba

114 2786 277 2874 contigit,¹
289 2797 323 2850 et
338 2785 464 2851 cecinit
475 2785 594 2873 jussos
606 2785 724 2850 inflata
740 2797 912 2870 receptus,
996 2831 1000 2840 -
1119 2816 1172 2870 340

123 2892 275 2956 omnibus
291 2891 407 2958 audita
424 2902 476 2956 est
489 2891 620 2956 telluris
637 2902 670 2956 et
686 2892 843 2977 aequoris
859 2889 961 2957 undis

31 3013 35 3065 Γ
122 3007 152 3060 et
163 2997 289 3086 quibus
305 3008 357 3062 est
371 2997 473 3062 undis
491 2996 619 3072 audita,
638 2997 790 3063 codrcuit
804 3017 938 3063 omnes.

31 3139 32 3142 =
122 3101 259 3172 flumina
276 3102 470 3194 subsidunt,
488 3104 661 3190 collesque
679 3102 774 3168 exire
789 3104 968 3169 videnturz
991 3121 996 3130 ·
1048 3097 1052 3105 ’

118 3206 184 3295 jam
201 3229 299 3274 mare
314 3209 396 3274 litus
411 3209 535 3284 hahet3
560 3210 681 3294 plenos
697 3209 789 3294 capit
804 3210 924 3274 alveus
939 3230 1079 3284 amnes;

120 3316 228 3404 surgit
242 3316 391 3389 humus3
414 3325 574 3380 crescunt
588 3316 665 3380 loca
681 3316 958 3381 decrescentibus
974 3317 1098 3392 undis;
1118 3347 1169 3404 345

119 3431 261 3510 postque
278 3420 372 3488 diem
387 3421 528 3508 longam
544 3421 672 3486 nudata
689 3421 870 3485 cacumina
887 3422 995 3487 silvae
1034 3461 1038 3466 -

118 3529 313 3604 ostendunt,
331 3525 520 3614 limumque
535 3538 652 3592 teuent
667 3527 704 3592 in
719 3528 840 3592 fronde
855 3527 1024 3591 relictum.

159 3633 336 3700 Redditus
350 3633 444 3698 orbis
460 3636 533 3698 erat
544 3654 553 3694 ι
564 3635 681 3718 'quem
696 3643 878 3716 postquam
894 3631 979 3693 vidit
994 3630 1134 3691 inanem

119 3751 149 3808 et
162 3741 340 3808 desolatas
357 3758 462 3824 agere
480 3739 548 3802 alta
563 3736 700 3801 silentia
715 3746 837 3808 terras,

119 3845 314 3914 Deucalion
330 3843 481 3910 lacrimis
496 3843 545 3906 ita
560 3841 733 3926 Pyrrham
751 3839 875 3901 affatur
889 3832 1038 3897 obortis:
1120 3855 1173 3908 350

121 3953 174 4024 ‘O
190 3973 305 4028 soror,
323 3971 345 4019 o
360 3949 527 4036 conjunx,
542 3967 564 4010 o
580 3944 710 4026 femina
725 3942 799 4005 sola
814 3945 1000 4020 superstes,
