2709 4325
177 237 238 307 142
406 217 477 286 The
511 219 656 285 medam
680 223 729 304 of
741 221 848 308 King
866 220 1002 289 Numa.
1083 241 1226 312 [Marsu.

172 418 257 493 ulla,
275 437 340 482 nec
356 415 506 492 uberior,
523 437 588 482 nec
604 438 694 504 quae
709 417 823 506 magis
839 420 958 485 ardeat
973 419 1045 484 ulla
1061 429 1124 486 est.

172 521 546 610 excipitAuctumuus,
565 523 676 609 posito
692 524 827 589 fervore
839 525 1016 612 juventae,

173 641 325 696 maturus
342 629 500 714 mitisque
516 627 604 693 inter
616 629 848 717 juvenemque
865 650 1053 718 senemque
1175 667 1229 705 210

171 737 336 822 temperie
353 735 499 811 medius,
519 757 658 821 sparsus
675 753 812 823 quoque
828 747 983 822 tempora
1000 739 1107 804 cauis.
1206 749 1217 785 τ’

171 844 252 909 inde
270 842 385 909 senilis
403 841 549 928 Hiemps
565 844 710 908 tremulo
725 843 819 909 venit
836 844 974 910 horrida
991 866 1110 930 passu,
1212 877 1218 887 ν

172 961 230 1016 aut
246 949 390 1035 spoliata
407 971 498 1024 suos,
518 959 588 1025 aut,
606 970 693 1034 quos
709 950 824 1032 habet,
844 951 922 1016 alba
939 952 1094 1037 capillos.

218 1069 227 1098 ‘
243 1056 364 1122 Editus
380 1054 545 1119 in'lucem
558 1055 668 1143 jacuit
683 1055 757 1120 sine
773 1056 904 1121 viribus
919 1058 1058 1133 infans-3·
1077 1067 1081 1074 '

171 1185 253 1228 mox
269 1162 479 1248 quadrupes,
497 1160 632 1248 rituque
641 1161 723 1226 tulit
739 1183 802 1226 sua
819 1164 975 1229 membra
992 1153 1165 1241 serarum
1213 1175 1218 1182 ’

171 1268 408 1356 paulatimque
421 1277 571 1332 tremens
588 1278 622 1332 et
637 1269 791 1332 nondum
808 1271 937 1354 poplite
953 1271 1052 1340 firmo

171 1374 330 1449 constitit,
349 1371 473 1461 adjutis
490 1373 604 1458 aliquo
621 1359 802 1439 conamine
819 1376 954 1450 nervis3
1003 1389 1008 1395 '
1036 1388 1041 1415 ²

171 1480 251 1548 inde
266 1480 387 1546 valens
403 1479 573 1565 veloxque
589 1478 663 1555 suit,
682 1480 907 1567 spatiumque·
914 1480 1078 1568 juventae
1176 1513 1228 1570 225

170 1586 354 1663 transit,÷et
370 1584 519 1650 emeritis
536 1585 640 1649 medii
656 1607 792 1672 quoque
808 1581 972 1672 temporis
990 1588 1091 1654 annis

170 1692 295 1758 labitur
309 1689 476 1757 occiduae
493 1711 554 1776 per
570 1690 633 1756 iter
649 1691 783 1756 declive
799 1704 973 1759 senectae.
1050 1683 1053 1688 ¹

171 1797 302 1863 subruit
318 1798 405 1862 haec
421 1795 763 1884 aevide'moliturque
779 1791 903 1883 prioris
921 1791 924 1797 ’
945 1821 948 1824 ’

170 1905 313 1979 robora3
339 1901 593 1989 fletque'Milon
609 1902 735 1980 senior,
754 1924 835 1969 cum
847 1896 981 1991 spectat
996 1906 1117 1973 inanes
1169 1945 1175 1952 ·
1222 1914 1225 1921 ’

170 2010 260 2085 illos,
278 2009 336 2097 qui
353 2009 489 2074 fuerant
502 2008 691 2074 solidorum
707 2010 799 2075 mole
814 2021 965 2076 tororum
1076 1999 1119 2056 ss
1177 2019 1229 2098 23'0

173 2114 355 2183 Herculeis
371 2114 513 2191 similes,
531 2113 663 2183 fluidos
672 2116 825 2201 pendere
841 2118 1007 2194 lacertos}
1052 2175 1063 2187 i

153 2224 229 2305 *flet
244 2243 393 2310 quoque,
412 2233 450 2287 ut
464 2222 500 2286 in
517 2224 659 2308 speculo
676 2244 782 2310 rugas
800 2225 935 2309 aspexit
946 2226 1073 2300 aniles,
1160 2302 1165 2310 ,

170 2329 360 2416 Tyndaris,
378 2339 411 2394 et
427 2349 544 2394 secum
562 2350 623 2394 cur
639 2328 683 2393 sit
697 2329 751 2394 bis
767 2342 865 2415 rapta
881 2332 1032 2418 requirit.
1128 2369 1133 2377 «
1155 2346 1158 2353 “

171 2436 327 2520 Tempus
336 2436 579 2511 edairrerum,
597 2445 702 2521 tuque
718 2432 887 2507 invidiosa
902 2436 1078 2516 Vetustas,
1126 2451 1133 2482 '-
1149 2467 1154 2480 ·

171 2542 287 2609 omnia
303 2542 487 2623 destruitis,
505 2538 692 2627 vitiataque
708 2541 867 2607 dentibus
883 2545 960 2608 aevi
1034 2530 1039 2589 ἶ
1104 2530 1108 2535 ’
1177 2559 1228 2631 235'

171 2645 336 2739 paulatim
352 2646 445 2711 lenta
463 2644 662 2709 consumitis
680 2643 798 2709 omnia
812 2655 945 2710 morte·
1016 2686 1021 2694 ι

220 2752 345 2819 ‘Haec
375 2773 513 2840 quoque
545 2772 614 2817 non
646 2760 812 2837 perstant,
845 2771 936 2838 quae
967 2768 1042 2818 nos·
1061 2752 1230 2817 elementa·

219 2915 222 2924 .
306 2880 492 2934 vocamus3
570 2914 574 2919 .
641 2918 645 2940 2
906 2906 934 2913 ..

172 2989 326 3056 quasque
336 2968 430 3035 vices
440 2978 622 3056 peragant,
633 3004 680 3017 -·
690 2965 823 3031 animos
837 2963 996 3029 adhibete
1009 2962 1017 3027 i
1028 3001 1074 3013 -
1083 2963 1229 3030 docebo.

173 3087 329 3162 quattuor
346 3086 505 3141 aeternus
521 3073 686 3163 genitalia
703 3092 848 3157 corpora
864 3068 1012 3135 mundus
1087 3066 1092 3074 ’
1151 3097 1155 3106 ’

173 3181 333 3249 continet.
383 3180 438 3245 Ex
454 3180 521 3245 iilis
538 3181 607 3245 duo
623 3179 702 3245 s'un't
718 3198 877 3253 onerosa,
896 3195 1028 3262 suoque
1091 3216 1095 3226 ·
1177 3208 1231 3259 240

174 3290 325 3375 pondere
341 3288 377 3353 in
393 3287 547 3364 iuferius,
565 3286 666 3353 'tellus
683 3284 785 3373 atque
801 3285 909 3360 unda,
929 3282 1102 3356 seruntur3
1212 3294 1232 3330 f

174 3404 209 3460 et
221 3395 361 3461 totidem
379 3394 545 3481 gravitate
562 3405 693 3470 carent,
712 3396 875 3482 nulloque
892 3399 1069 3477 premente

175 3502 243 3565 alta
259 3511 396 3586 petunt,
408 3506 472 3564 adr
488 3510 590 3586 atque
606 3505 687 3565 aere
704 3499 821 3584 purior
836 3500 941 3585 t'gut‘s.
1029 3488 1033 3498 ’

174 3629 263 3694 quae
279 3627 488 3693 quamquam
505 3606 614 3691 spatio
631 3606 769 3682 distant,
787 3617 902 3672 tamen
919 3607 1035 3673 omnia
1052 3606 1141 3669 fiunt

174 3734 219 3778 ex
235 3713 331 3798 ipsis,
350 3723 383 3778 et
399 3712 434 3775 in
450 3712 525 3796 ipsa
543 3712 690 3785 cadunt3
715 3712 932 3799 resolutaque
949 3716 1050 3779 tellus
1180 3740 1233 3799 245

174 3819 209 3883 in
226 3819 372 3905 liquidas
388 3818 529 3884 rarescit
544 3838 665 3904 aquas,
684 3828 843 3883 tenuatus
859 3819 893 3883 in
912 3827 1013 3885 auras

175 3931 325 4015 a'e'raque
341 3925 465 3991 humor
480 3923 563 4001 abit,
581 3924 720 4009 dempto
736 3944 873 4011 quoque
889 3927 1043 4012 pondere
1057 3910 1182 3997 rursus
1227 3962 1236 3969 ·
1350 3911 1352 3946 ¹
