2709 4325
106 220 218 293 X.162.]
378 203 450 270 The
472 203 577 292 Rape
600 205 648 290 <ff
666 203 876 290 Ganymede.
1084 221 1146 268 τοι

92 405 158 467 'nec
171 401 263 466 tiliae
281 401 418 478 molles,
437 421 504 466 nec
519 400 622 488 sagus
638 411 671 465 et
687 399 817 464 innuba
834 399 966 476 laurus,

103 529 158 572 nec
173 506 280 595 coryli
296 507 453 594 fragiles,
473 517 507 572 et
522 506 677 571 fraxinus
693 505 784 570 utilis
801 504 920 582 hastis,

103 616 279 700 enodisque
296 613 407 690 abies,
425 623 635 699 curvataque
651 611 836 701 glandibus
852 610 935 688 ilex,

102 731 129 786 et
144 703 301 806 platanus
319 719 481 808 genialis,
500 740 648 805 acerque
665 717 836 784 coloribus
852 717 977 804 impar,
1113 747 1148 805 95

102 829 355 915 amnicolaeque
372 826 474 892 simul
491 825 615 892 salices
631 835 664 894 et
680 823 839 911 aquatica
856 823 956 899 lotos,

102 946 328 1022 perpetuoque
342 934 457 1000 virens
472 931 618 1006 buxum,
637 941 826 1015 tenuesque
843 929 1010 1017 myricae,

102 1053 131 1107 et
144 1042 273 1107 bicolor
288 1051 433 1128 myrtus,
451 1048 487 1105 et
500 1036 596 1104 bacis
613 1036 754 1103 caerula
770 1035 874 1100 tinus.

101 1169 158 1214 vos
172 1169 320 1236 quoque,
336 1146 527 1232 flexipedes
543 1145 707 1218 hederae,
724 1141 878 1219 venistis,
896 1151 929 1208 et
943 1160 1015 1208 una

102 1255 300 1339 pampineae
316 1249 401 1318 vites
417 1263 452 1318 et
468 1251 613 1318 amictae
629 1249 754 1315 vitibus
771 1247 877 1322 ulmi;
1097 1277 1160 1320 100·

103 1361 235 1448 omique
252 1371 286 1426 et
301 1359 610 1447 piceae,pomoque
626 1366 769 1423 onerata
785 1344 919 1422 rubenti

103 1469 245 1546 arbutus,
261 1477 301 1532 et
311 1469 425 1532 lentae
446 1465 602 1554 (victoris
618 1462 792 1551 praemia)
812 1464 963 1549 palmae,

103 1585 131 1638 et
144 1574 317 1639 succincta
333 1593 450 1639 comas
468 1571 666 1658 hirsutaque
682 1569 809 1636 vertice
825 1570 939 1657 pinus,

103 1691 191 1767 grata
207 1681 311 1744 deum
327 1677 448 1746 matri:
474 1677 643 1765 siquidem
660 1675 849 1765 Cybeleius
865 1674 957 1742 Attis

103 1787 186 1852 exuit
201 1789 269 1852 hac
285 1786 474 1861 hominem,
491 1794 682 1871 truncoque
698 1782 848 1848 induruit
863 1782 936 1847 illo.
1099 1810 1146 1868 ¹05

140 1893 225 1958 Tale
240 1913 363 1958 nemus
379 1904 475 1958 vates
492 1901 697 1965 attraxerat3
722 1890 827 1976 inque
843 1889 996 1956 ferarum

103 1998 238 2065 concilio
255 1999 389 2064 medius
405 1999 503 2064 turba
520 1998 768 2084 volucrumque
786 1996 941 2065 sedebat.

102 2115 134 2169 ut
147 2105 226 2171 satis
242 2105 409 2192 impulsas
425 2103 604 2190 temptavit
620 2104 746 2190 pollice
761 2104 923 2183 chordas,
1096 2133 1145 2193 145

103 2222 131 2277 et
144 2212 247 2279 sensit
260 2214 388 2287 varios,
406 2211 564 2298 quamvis
580 2212 717 2277 diversa
734 2223 908 2289 sonarent,

104 2319 302 2385 concordare
319 2318 451 2394 modos,
470 2318 537 2384 hoc
553 2338 673 2383 vocem
692 2318 845 2384 carmine
862 2318 988 2385 movit:

142 2425 218 2491 ‘Ab
230 2425 330 2512 Jove,
345 2424 449 2491 Musa
466 2445 591 2511 parens
611 2424 758 2512 (cedunt
769 2424 865 2511 J0vis
881 2424 997 2491 omnia
1013 2424 1142 2513 regno)

105 2532 246 2596 carmina
261 2542 377 2598 nostra
394 2553 514 2598 move:
535 2531 632 2618 Jovis
649 2543 701 2598 est
717 2532 800 2597 mihi
817 2554 921 2618 saepe
938 2543 1089 2617 potestas

105 2636 183 2702 dicta
198 2638 307 2724 prius.
355 2637 477 2704 Cecini
493 2639 624 2725 plectro
641 2638 801 2726 graviore
818 2638 1003 2726 Gigantas,
1096 2667 1146 2726 150

106 2764 280 2832 sparsaque
296 2744 500 2832 Phlegraeis
517 2744 669 2811 victricia
686 2745 832 2811 fulmina
849 2744 1004 2829 campis;

105 2870 186 2915 nunc
200 2872 287 2937 opus
304 2860 354 2918 est
369 2850 497 2917 leviore
513 2852 603 2937 lyra,
620 2873 813 2938 puerosque
830 2872 996 2917 canamus

106 2954 234 3023 dilectos
251 2957 397 3043 superis,
416 2957 695 3045 inconcessisque
712 2958 847 3044 puellas

106 3060 231 3149 ignibus
248 3064 405 3129 attonitas
422 3066 587 3131 meruisse
604 3064 746 3130 libidine
762 3085 924 3151 poenam.

146 3169 246 3237 ‘Rex
261 3192 423 3256 superum
440 3169 586 3259 Phrygii
603 3173 777 3258 quondam
795 3171 1012 3258 Ganymedis
1028 3191 1144 3236 amore

108 3274 190 3351 arsit,
207 3287 240 3341 et
253 3276 428 3343 inventum
444 3288 495 3343 est
511 3278 652 3365 aliquid,
671 3279 763 3365 quod
774 3277 934 3364 Juppiter
949 3298 1042 3359 esse,

18 3420 19 3455 ,
108 3398 198 3463 quam
215 3384 306 3471 quod
322 3394 407 3459 erat,
427 3384 554 3449 mallet.
603 3383 711 3450 Nulla
727 3394 842 3449 tamen
859 3383 938 3449 alite
955 3384 1040 3448 verti

18 3486 20 3567 ζ
109 3484 267 3573 dignatur,
285 3490 351 3555 nisi
368 3511 457 3577 quae
474 3482 588 3577 posset
604 3512 666 3557 sua
683 3491 828 3555 fulmina
844 3489 944 3555 serre.

108 3610 164 3655 nec
178 3616 290 3663 mora:
316 3618 481 3684 percusso
499 3597 724 3663 mendacibus
741 3602 819 3662 a’ere
837 3594 961 3681 pennis

109 3696 218 3785 abripit
232 3702 379 3779 Iliaden,
399 3703 456 3789 qui
473 3725 565 3767 nunc
581 3724 717 3790 quoque
734 3704 858 3790 pocula
875 3702 1008 3779 miscet,
1096 3716 1146 3771 1-60

108 3800 265 3897 invitaque
277 3809 358 3897 Jovi
374 3820 492 3875 nectar
503 3809 640 3894 Junone
657 3810 837 3873 ministrat.

147 3914 217 3981 ‘Te
226 3936 378 4005 quoque,
390 3911 768 4001 Amyclide,posuisset
776 3912 811 3973 in
822 3910 959 3973 aethere
969 3903 1139 3975 Phoebus,
