2709 4325
41 261 43 272 '
129 292 283 365 unm]
391 280 467 347 Tre
498 280 595 349 ruta
615 279 719 347 erar
740 289 778 347 ar
799 280 895 367 say.
1124 276 1170 360 8³

124 480 182 545 fixa
196 482 257 547 sub
272 502 357 551 aure
374 486 443 552 feri
460 506 637 554 summum
653 486 833 574 destringit
848 486 982 552 arundo

124 607 243 673 corpus,
260 600 294 655 et
309 584 453 680 exiguo
463 594 633 660 rubefecit
646 592 816 680 sanguine
832 602 959 657 saetae.

120 715 175 759 nec
189 706 300 761 tamen
316 696 382 763 illa
401 699 455 764 sui
471 718 638 765 successu
650 699 770 765 laetior
785 698 885 773 ictus,

119 821 209 886 quam
222 802 434 893 Meleagros
451 815 537 870 erat.
586 802 723 871 Primus
738 804 866 869 vidisse
882 813 1032 889 putatur,
1117 820 1169 890 385

116 918 144 973 et
156 908 283 994 primus
300 912 411 978 sociis
419 911 538 977 ›visum
555 911 746 977 ostendisse
762 928 933 983 cruorem,

118 1024 145 1077 et
159 1024 167 1055 ‘
179 1015 347 1083 Meritum
358 1012 517 1084 ’dixisse
535 1027 545 1058 ⁴
561 1018 651 1083 feres
666 1014 799 1081 virtutis
815 1015 1002 1081 honorem!

115 1120 273 1189 erubuere
289 1126 372 1202 viri,
393 1146 499 1213 seque
516 1124 753 1198 exhortantur,
771 1131 806 1187 et
821 1121 952 1187 addunt

116 1244 186 1291 curn
200 1230 359 1297 clamore
376 1231 524 1307 animos,
539 1230 740 1319 jaciuntque
756 1228 830 1295 sine
846 1227 966 1294 ordine
982 1226 1072 1293 teia:

113 1333 204 1399 turba
219 1349 328 1403 nocet
341 1338 456 1426 J'actis,
473 1348 507 1403 et
522 1350 608 1424 quos
625 1335 721 1421 petit,
738 1333 882 1420 impedit
896 1333 996 1400 ictus.
1118 1364 1171 1421 390

152 1439 243 1509 Ecce
260 1445 522 1512 furens'contra'
538 1462 601 1508 sua
617 1442 690 1508 fata
702 1440 897 1527 bipennifer
912 1439 1025 1507 Arcas
1169 1430 1174 1437 ’

115 1542 278 1628 ίΒίεεὶἰεε,
298 1550 459 1617 femineis
474 1550 558 1638 quid
574 1550 643 1615 tela
658 1548 770 1614 virilia
786 1558 972 1634 praestent,
1018 1571 1021 1578 ·

114 1651 501 1745 Ojuvenes,·operique
518 1676 596 1723 meo
612 1655 809 1723 consedite'
824 1654 931 1729 dixit3
996 1646 1000 1652 ’

116 1758 206 1845 ‘ipsa
223 1765 299 1830 suis
317 1765 396 1829 licet
413 1764 506 1828 hunc
522 1761 670 1828 Latonia
687 1754 847 1850 protegat
861 1761 980 1838 annis,

113 1863 214 1933 invita
231 1882 352 1936 tamen
369 1872 462 1935 hunc
479 1870 625 1955 perimet
641 1889 720 1934 mea
736 1869 858 1934 dextra
875 1867 1016 1934 Diana.’
1117 1899 1168 1957 395

113 1973 190 2039 talia
207 1977 438 2065 magniloquo
453 1976 604 2041 tumidus
621 1986 872 2041 memoraverat
886 1994 959 2052 ore,

116 2081 367 2171 ancipitemque
384 2102 489 2149 manu
505 2083 628 2148 tollens
644 2093 789 2171 utraque
805 2081 954 2148 securim

114 2184 280 2256 institerat
295 2191 425 2278 digitis,
443 2189 573 2276 primos
588 2206 776 2274 suspensus
792 2189 829 2254 in
845 2201 952 2256 artus.

116 2307 261 2384 occupat
276 2293 474 2372 audentem,
493 2315 629 2383 quaque
647 2306 699 2361 est
712 2291 770 2361 uia
786 2296 945 2382 proxima
960 2297 1042 2373 leto,

118 2421 249 2468 summa
265 2404 357 2468 ferus
374 2403 533 2491 geminos
549 2403 673 2468 direxit
689 2403 735 2468 ad
750 2402 894 2490 inguina
911 2403 1043 2469 dentes.
1115 2433 1170 2487 400

118 2510 262 2576 concidit
276 2508 454 2584 Ancaeus,
473 2509 735 2596 glomerataque
750 2509 921 2597 sanguine
938 2510 1046 2574 multo

118 2613 246 2682 viscera
261 2616 359 2701 lapsa
376 2615 498 2690 fluunt,
517 2615 780 2701 madefactaque
796 2627 886 2680 terra
903 2636 1025 2681 cruore
1041 2626 1104 2682 est.

160 2721 235 2788 Ibat
249 2723 284 2786 in
302 2721 486 2786 adversum
503 2722 617 2807 proles
633 2721 764 2787 Ixionis
782 2723 915 2787 hostem

118 2825 297 2904 Pirithous,
316 2827 433 2894 valida
449 2828 606 2914 quatiens
620 2829 794 2894 venabula
810 2828 944 2893 dextra.

120 2933 168 2997 cui
184 2933 303 3020 procul
320 2929 478 3018 Aegides
495 2931 550 2997 ‘O
567 2951 621 2996 me
639 2931 724 2996 mihi
741 2932 873 2997 carior’
888 2931 999 3019 inquit
1115 2963 1167 3019 405

119 3048 218 3125 ‘pars
235 3038 373 3105 animae
391 3036 537 3102 consiste
553 3035 673 3103 meaei
698 3037 779 3104 licet
793 3037 928 3105 eminus
945 3059 1021 3104 esse

117 3144 275 3210 fortibus:
299 3142 447 3208 Anc'aeo
463 3143 578 3209 nocuit
593 3145 777 3209 temeraria
793 3145 925 3210 virtus.’

116 3251 209 3326 dixit,
227 3261 263 3316 et
277 3259 397 3315 aerata
412 3249 507 3315 torsit
523 3271 631 3337 grave
647 3250 790 3336 cuspide
807 3271 970 3317 cornumr

116 3358 167 3422 cui
182 3359 272 3424 bene
289 3356 413 3422 lib'rato
427 3357 564 3444 votique
581 3369 719 3444 potente
735 3357 858 3424 futuro·

115 3464 237 3529 obstitit
254 3461 416 3528 aesculea
432 3463 613 3530 frondosus
630 3465 674 3529 ab
691 3464 814 3529 arbore
829 3485 958 3532 ramus.
1115 3491 1170 3542 410

115 3570 205 3636 misit·
217 3581 253 3634 et
267 3566 464 3634 Aesonides
477 3570 644 3658 jaculum,
662 3571 754 3657 quod
771 3590 873 3636 casus
889 3573 932 3637 ab
948 3572 1009 3636 illo

114 3675 211 3742 vertit
225 3676 262 3740 in
279 3674 439 3740 immeriti
456 3675 561 3740 saturn
579 3677 746 3752 latrantis,
764 3688 797 3741 et
813 3677 900 3742 inter

115 3782 169 3848 ilia
186 3782 382 3869 conjectum
398 3782 517 3846 tellure
534 3801 595 3868 per
611 3782 670 3846 ilia
687 3783 795 3846 fixum
811 3794 874 3848 est.

156 3887 205 3953 At
222 3893 352 3951 rr'ranus
365 3887 520 3953 Oenidae
538 3885 667 3960 variat3
695 3889 876 3974 missisque
893 3891 1026 3955 duabus

116 3995 212 4061 hasta
229 3993 323 4079 prior
339 4003 441 4068 terra,
461 3993 572 4057 medio
589 3992 680 4055 stetit
694 3994 802 4055 altera
818 4005 929 4078 tergo.
1114 4022 1171 4075 415*
