2709 4325
121 239 155 294 11.
173 237 270 312 6‚12.]
449 220 565 310 Elegy
588 242 631 286 on
655 239 677 286 a
700 219 846 287 Parrot.

120 418 253 505 Tityrus
270 429 304 484 et
318 418 440 507 fruges
456 417 659 504 Aeneiaque
677 438 773 482 arma
788 418 960 504 legentur,

158 523 272 589 Roma
288 524 489 610 triumphati
507 525 587 589 dum
605 536 708 609 caput
722 524 814 589 orbis
831 523 905 588 erit.

120 629 234 696 Donec
250 641 351 696 erunt
366 631 467 718 ignes
483 651 650 716 arcusque
667 629 850 714 Cupidinis
866 649 975 706 arma,
1001 625 1006 636 ’

159 736 345 802 Discentur
361 737 508 812 numeri,
527 738 615 803 culte
631 737 785 810 Tibulle,
802 736 860 800 tui.

121 841 236 914 Gallus
253 853 287 908 et
305 843 484 930 Hesperiis
500 854 534 908 et
551 842 673 908 Gallus
690 854 789 909 notus
806 841 901 919 Eois,

159 948 203 1014 Et
218 970 282 1014 sua
299 971 378 1014 cum
396 949 499 1014 Gallo
515 959 596 1015 nota
612 947 759 1036 Lycoris
775 948 849 1013 erit.

121 1054 210 1143 Ergo
226 1075 306 1120 cum
323 1055 455 1136 silices,
470 1076 549 1122 cum
566 1055 651 1121 dens
668 1055 827 1140 patientis
843 1053 947 1120 aratri

161 1160 360 1247 Depereant
376 1182 474 1238 aevu,
493 1161 646 1227 earmina
663 1174 771 1227 morte
787 1173 916 1226 carent.

122 1265 252 1334 Cedant
268 1267 477 1334 carminibus
493 1289 595 1356 reges
612 1288 803 1356 regumque
820 1266 996 1355 triumphi,

161 1373 272 1440 Cedat
288 1385 322 1440 et
337 1374 476 1440 auriferi
492 1375 567 1460 ripa
582 1374 735 1462 benignu
751 1375 856 1462 Tagi.
900 1430 903 1436 .

118 1479 208 1548 Vilia
225 1480 374 1547 miretur,
382 1482 529 1569 vulgus:
555 1480 638 1546 mihi
654 1479 765 1546 flavus
781 1480 909 1566 Apollo

161 1586 292 1654 Pocula
309 1586 461 1654 Castalia
478 1589 581 1674 plena
598 1586 764 1652 ministret
780 1607 883 1674 aqua,

122 1693 382 1782 Sustineamque
399 1715 498 1760 coma
516 1706 723 1760 metuentem
739 1693 868 1781 frigora
884 1704 1055 1782 myrtumr

161 1801 276 1890 Atque
292 1802 339 1866 ita
356 1801 499 1867 sollicito
516 1802 642 1866 multus
659 1811 795 1865 amante
812 1801 922 1888 legar.

122 1907 275 1974 Pascitur
289 1909 325 1972 in
340 1907 428 1976 vivis
444 1907 571 1982 Livor3
595 1918 671 1994 post
687 1908 756 1972 iata
772 1906 928 1995 quiescit,

161 2015 251 2082 Cum
269 2037 351 2080 suus
368 2037 412 2081 ex
429 2015 548 2080 merito
564 2036 737 2102 quemque
753 2025 864 2079 tuetur
880 2015 1001 2080 honos.
1122 2056 1125 2061 <
1132 2045 1169 2098 40

17 2109 18 2132 ³
121 2121 211 2211 Ergo
227 2122 331 2189 etiam
347 2143 427 2189 cum
444 2143 499 2188 me
515 2143 698 2208 supremus
713 2120 866 2187 adederit
882 2120 985 2209 ignis,

160 2229 303 2307 Vivam,
320 2250 469 2317 parsque
485 2230 553 2295 mei
569 2230 676 2295 multa
692 2238 865 2316 superstes
879 2229 956 2295 erit.

294 2566 296 2573 '
343 2570 377 2618 2.
401 2552 518 2643 Elegy
541 2574 584 2621 on
608 2574 630 2621 a
652 2554 789 2625 Parrot
814 2554 867 2645 (ii.
885 2551 942 2643 6).

186 2766 445 2845 SITTACUS,
464 2768 535 2835 eois
552 2770 715 2835 imitatrix
732 2772 803 2836 ales
820 2771 864 2835 ab
879 2769 988 2844 Indis,

232 2874 391 2941 Occidit!
416 2878 599 2964 exsequias
615 2878 661 2941 ite
678 2877 885 2964 frequenter,
905 2898 999 2941 aves.

120 2978 182 3055 Ite,
200 2980 279 3067 piae
295 2982 465 3058 volucres,
484 2994 517 3047 et
533 2984 688 3071 plangite
705 2996 843 3070 pectora
860 2983 987 3069 pinnis,

164 3086 208 3153 Et
223 3087 338 3175 rigido
352 3099 488 3183 teneras
503 3108 620 3177 ungue
638 3103 752 3156 notate
768 3112 888 3179 genas.

120 3191 271 3258 Horrida
289 3216 351 3279 pro
367 3195 505 3260 maestis
521 3196 668 3262 lanietur
684 3198 802 3281 pluma
818 3196 966 3282 capillis,
1157 3225 1172 3281 ς

153 3299 232 3365 .Pro
249 3300 355 3387 longa
372 3314 531 3391 resonent
547 3303 701 3368 carmina
716 3314 830 3368 vestra
844 3304 953 3367 tuba·

122 3402 226 3493 Qod
243 3406 356 3471 scelus
373 3406 507 3473 Ismarii
524 3408 688 3496 quereris,
706 3408 912 3485 Philomela,
929 3407 1081 3497 tyranni,

167 3511 313 3597 Expleta
330 3524 381 3577 est
396 3514 496 3579 annis
512 3514 576 3580 ista
591 3516 745 3600 querella
762 3515 843 3581 suis.

121 3612 222 3683 Alitis
238 3617 274 3681 in
290 3638 389 3683 rarae
407 3619 569 3696 miserum
586 3620 762 3698 devertere
779 3622 903 3688 sunusr

166 3722 302 3812 Magna
319 3724 381 3790 sed
398 3725 526 3811 antiqui
545 3746 650 3795 causa
667 3727 793 3792 doloris
810 3727 896 3814 Itys.
1142 3755 1174 3796 ιο

124 3827 272 3905 Omnes,
286 3850 376 3916 quae
393 3830 522 3916 liquido
538 3831 668 3917 libratis
684 3831 720 3895 in
737 3838 817 3896 aere
833 3852 966 3907 cursus,

167 3935 223 3999 Tu
239 3946 355 4001 tamen
372 3947 451 4003 ante
467 3938 565 4013 alios,
583 3948 692 4001 turtur
707 3937 830 4015 amice,
849 3936 940 4017 dolo,
