2709 4325
108 272 226 376 1V.95.]¹
265 289 434 379 Meetz'ng
452 289 619 377 assigned
638 297 676 355 at
698 285 829 356 Νιήιιὲ
858 286 975 355 Tomb.
1099 304 1143 375 39

104 506 254 574 exaequo
271 489 385 575 captis
403 487 571 553 ardebant
587 485 756 552 mentibus
772 486 896 552 ambo:

103 564 241 659 corbeius
256 596 376 660 omnis
393 564 509 670 abbst3
534 604 618 659 nutu
636 591 814 681 signisque
830 593 1029 681 loquuntur.

104 696 279 810 ὕ,ᾖκοφιε
298 701 415 788 magis
431 710 464 765 te
492 698 571 775 itur,
588 709 697 765 tectus
714 699 825 787 magis
842 710 975 765 aestuat
989 699 1094 789 ignis.

100 802 186 868 fissus
201 814 275 869 erat
289 771 506 879 tenuiri'rira‚
524 818 631 890 quam*
645 802 790 869 duxerat
806 804 886 869 olim
1107 819 1142 890 σς

100 928 166 973 cum
180 910 290 986 fieret,
310 910 426 997 paries
442 909 560 975 domui
578 908 770 974 communis
787 909 932 996 utrique.

99 1013 128 1079 id
140 1014 255 1081 vitium
272 1016 363 1081 nulli
379 1037 442 1102 per
457 1016 596 1097 saecula
613 1015 718 1104 longa
734 1025 943 1080 notatum-

99 1121 170 1205 quid
185 1144 253 1187 non
271 1122 377 1189 sentit
392 1120 513 1187 amor?
525 1121 679 1207 -primi
694 1120 839 1198 vidistis,
859 1132 1028 1201 amantes,

100 1237 127 1291 et
138 1228 228 1293 vocis
244 1228 379 1295 fecistis
393 1228 458 1294 iter
467 1250 488 1304 ς’
502 1238 660 1315 tutaeque
676 1248 742 1315 per¹
754 1226 840 1295 illud

99 1354 261 1401 murmure
278 1335 469 1402 blanditiae
486 1334 627 1401 minimo
644 1309 788 1400 trariffire
805 1335 972 1401 solebant.
1109 1367 1144 1422 70

101 1460 203 1527 saepe,
220 1442 283 1508 ubi
303 1408 537 1518 consiiiterant,
554 1441 636 1506 hinc
652 1440 798 1517 Thisbe,
816 1439 987 1529 Pyramus
1003 1441 1112 1519 illinc,

98 1543 190 1632 inque
205 1549 304 1629 viges
320 1549 431 1614 fuerat
449 1558 604 1634 captatus
621 1546 793 1613 anhelitus
808 1548 891 1623 oris,
1140 1544 1144 1555 '

104 1650 251 1721 ‘invide’
268 1655 433 1722 dicebant
450 1656 600 1742 ‘paries
619 1655 702 1743 quid
719 1655 913 1721 amantibus
929 1619 1066 1721 obitas?

101 1772 253 1843 quantum
272 1773 360 1838 erat,
377 1773 415 1828 ut
430 1762 561 1828 sineres
576 1773 644 1849 toto
662 1783 725 1828 nos
742 1782 884 1847 corpore
896 1761 1012 1850 jungi,

102 1876 150 1929 aut
164 1866 229 1933 hoc
244 1867 277 1935 si
294 1867 451 1945 nimium,
468 1868 524 1934 vel
541 1869 585 1935 ad
601 1867 720 1934 oscula
737 1868 853 1934 danda
868 1865 1025 1954 pateresl
1110 1897 1143 1955 75

101 1992 156 2038 nec
170 1996 292 2041 sumus
308 1941 454 2066 irigffrath
478 1974 539 2042 tibi
555 1996 618 2042 nos
635 1966 760 2056 debere
777 1975 936 2051 fatemur,

102 2081 182 2165 quod
197 2082 299 2147 datus
315 2093 367 2147 est
381 2082 496 2148 verbis
513 2083 557 2149 ad
575 2083 704 2148 amicas
720 2050 882 2148 trafisitus
898 2081 1024 2148 aures.’

101 2187 172 2252 talia
186 2158 326 2256 diissrsa
342 2189 550 2277 nequiquam
568 2189 649 2255 sede
665 2189 783 2266 locuti,

103 2293 156 2358 sub
170 2309 306 2362 noctem
322 2294 441 2362 dixere
458 2295 548 2371 vale,
565 2285 721 2385 partique
737 2295 864 2364 dedere

103 2403 207 2469 oscula
223 2405 370 2492 quisque
387 2426 471 2471 suae
487 2427 556 2472 non
574 2377 808 2492 perienientia
825 2417 955 2474 contra.
1110 2426 1145 2481 80

139 2507 277 2578 Postera
294 2524 478 2580 nocturnos
496 2533 618 2580 aurora
632 2486 827 2608 removerat
842 2515 955 2604 ignes,

102 2616 207 2706 solque
223 2618 408 2706 pruinosas
424 2619 528 2687 radiis
544 2591 733 2690 sicbavdrat
749 2611 895 2697 herbass

102 2724 139 2788 ad
153 2728 287 2794 solitum
303 2693 417 2812 coieie
433 2730 559 2796 locum.
607 2729 700 2794 Tum
720 2750 892 2796 murmure
908 2751 1015 2816 parvo

102 2833 195 2901 multa
211 2836 307 2923 prius
323 2835 448 2924 questi,
467 2847 617 2902 statuunt
631 2848 668 2902 ut
684 2849 783 2902 nocte
800 2835 912 2902 silenti
1044 2903 1047 2907 .

101 2937 207 3010 fallere
224 2944 385 3010 custodes
402 2943 598 3031 foribusque
614 2914 783 3011 exbedere
800 2953 977 3028 temptent,
1108 2962 1142 3032 85

102 3064 236 3137 cumque
253 3051 357 3116 domo
374 3018 531 3138 exjdfint,
549 3049 642 3115 urbis
658 3029 794 3137 quoque
809 3059 898 3115 tecta
914 3015 1129 3136 reliri'quant3

100 3172 175 3247 neve
190 3157 234 3224 sit
250 3155 437 3222 errandum
453 3157 522 3223 lato
539 3155 763 3242 spatiantibus
781 3176 875 3231 arvo,

101 3232 295 3350 convbniant
312 3261 357 3328 ad
372 3261 472 3327 busta
488 3261 586 3338 Nini,
604 3262 799 3348 lateantque
815 3262 878 3328 sub
894 3261 1018 3326 umbra
1114 3323 1118 3330 .

100 3351 242 3436 arb'oriss
267 3368 371 3434 arbor
385 3367 432 3433 ibi
448 3368 557 3434 niveis
572 3369 745 3486 uberrima
762 3369 872 3454 pomis

99 3475 196 3548 ardua
211 3485 331 3557 murus
349 3482 434 3550 erat,
452 3474 568 3562 gelido
585 3463 774 3550 contermin
813 3473 910 3538 fonti.
1106 3508 1142 3559 90

133 3577 243 3648 Pacta
258 3549 418 3666 bfacbim
443 3591 476 3645 et
491 3580 565 3656 lux,
582 3561 679 3670 tarde
696 3495 872 3644 dissidere
887 3577 974 3650 visa,

97 3653 334 3774 praecidimur
350 3684 461 3772 aquiS,
480 3696 512 3750 et
529 3685 625 3770 aquis
642 3706 712 3746 nox
729 3681 838 3766 surgit
854 3679 897 3742 ab
912 3679 1034 3753 isdem·
1053 3721 1059 3728 -
1169 3728 1171 3730 ,

97 3786 217 3860 callida
233 3812 297 3880 per
311 3790 471 3856 tenebras
487 3798 622 3854 versato
639 3785 779 3856 cardine
794 3781 926 3847 Thisbe

97 3879 268 3990 egdeditur
283 3862 438 3982 sillitq'ue
455 3916 549 3968 suos,
568 3861 799 3974 adod'ertaque
815 3885 946 3984 vultum
984 3975 993 3989 .

97 3973 248 4092 perienit
265 4001 310 4067 ad
325 4001 510 4074 tumulum,
528 3990 768 4077 dictaquesub
785 3987 905 4048 arbore
922 3977 1017 4040 sedrt.
1108 3995 1142 4049 95
