2709 4325
189 230 234 303 70
421 218 492 285 Tae
514 218 788 296 Enchantments
811 222 859 306 os
870 219 1011 285 Medea.
1093 237 1242 310 [Mersit.

167 418 177 504 f
188 413 315 483 obstitit
339 387 475 500 indepto
504 415 634 501 pudor;
662 426 697 482 at
713 417 895 503 complexa
910 416 1047 494 fuisses,
1193 447 1242 504 145

167 566 171 574 ι
189 522 250 587 sed
267 532 312 598 te,
330 543 374 587 ne
392 523 534 598 facereS,
553 523 661 587 tenuit
676 524 867 603 reverentia
883 523 1011 597 famae.

188 607 280 714 qlidd
296 628 386 703 licet,
406 628 541 694 adfectu
557 629 657 695 tacito
674 629 824 705 laetaris,
843 629 988 717 agisque

157 789 160 795 .
189 735 397 801 carminibus
413 747 491 824 grat
492 757 529 801 es
478 745 578 800 tet
594 735 647 801 dis
664 735 860 801 auctoribus
877 736 1012 802 horum.

150 848 163 867 ²
203 809 441 929 Pervigilem
459 852 614 927 superest
630 841 746 907 herbis
762 841 875 927 sopire
891 841 1090 918 draconem,

187 949 246 1034 qui
262 947 364 1013 crista
379 948 577 1035 linguisque
592 947 701 1013 tribus
721 948 915 1036 praesignis
931 959 965 1015 et
980 950 1078 1017 uncis
1191 980 1243 1037 150

188 1053 345 1119 dentibus
363 1054 553 1120 horrendus
571 1064 685 1119 custos
701 1064 775 1122 erat
792 1052 907 1121 arietis
923 1058 1030 1126 aurei.

188 1160 280 1225 hunc
296 1169 476 1246 postquam
494 1159 618 1245 sparsit
635 1159 784 1226 Lethaei
799 1137 957 1248 graiirine
973 1136 1064 1237 sirei,¹

186 1268 358 1353 verbaque
374 1262 527 1332 ter'dixit
543 1267 699 1353 placidos
717 1267 877 1336 facientia
892 1290 1043 1343 somnos,

166 1394 275 1460 „quae
293 1393 386 1438 mare
402 1374 587 1447 turbatum,
605 1394 695 1459 quae
712 1375 845 1441 concita
862 1374 1003 1442 flumina
1020 1375 1162 1444 sistunt:

185 1501 326 1547 somnus
343 1479 379 1544 in
393 1463 531 1567 ignotos
548 1481 666 1546 oculos
684 1481 746 1546 sibi
764 1482 868 1557 venit,
888 1493 922 1547 et
937 1502 1022 1553 auro
1125 1548 1129 1553 ,
1191 1512 1238 1569 ¹55

185 1588 286 1653 heros
303 1585 476 1651 Aesonius
493 1586 639 1672 potitur3
665 1589 843 1675 spolioque
861 1589 1042 1675 superbus,

185 1692 335 1759 muneris
353 1672 527 1760 aucto⁰rem
544 1714 676 1770 secum,
694 1695 803 1780 spolia
820 1696 940 1771 altera,
959 1708 1112 1791 portans,
1144 1760 1148 1767 ,

184 1779 291 1866 victor
308 1800 475 1865 Idlciacos
491 1800 602 1889 tetigit
618 1822 696 1865 cum
714 1800 862 1889 conjuge
878 1811 1006 1887 portus

230 1905 447 1972 Haemoniae
463 1918 589 1972 matres
605 1928 667 1992 pro
684 1909 798 1995 gnatis
814 1908 905 1975 dona
921 1908 1068 1993 receptis

184 1984 441 2135 grandaevique
458 2014 571 2077 ferunt
587 2024 716 2139 patres,
734 2027 967 2101 congestaque
982 2013 1125 2079 flamma
1185 2032 1237 2089 160

182 2131 259 2186 tura
276 2094 510 2208 liquefaciunt,
528 2095 737 2207 indictaque
753 2121 913 2189 cornibus
931 2136 1053 2189 aurum
1148 2137 1153 2143 ·
1230 2191 1234 2198 ,

181 2229 321 2295 victima
336 2240 421 2294 vota
433 2227 535 2293 cadit.
585 2226 655 2294 Sed
673 2229 769 2295 abest
743 2197 1000 2323 gratantibus
1015 2208 1149 2306 Aeson,

177 2335 251 2423 jam
268 2335 406 2421 propior
421 2335 501 2408 leto,
521 2334 698 2420 fessusque
715 2333 878 2400 senilibus
895 2334 1008 2410 annis.

181 2462 259 2507 cunr
277 2443 327 2509 sic
343 2441 558 2508 Aesonides:
586 2440 642 2506 ‘O
658 2440 714 2506 cui
730 2441 856 2509 debere
874 2441 1019 2506 salutem

181 2549 357 2626 confiteor,
375 2549 539 2636 conjunx,
557 2568 765 2634 quamquam
783 2546 866 2610 mihi
883 2557 1006 2620 cuncta
1019 2545 1159 2623 dedisti,
1182 2563 1233 2634 ¹⁶5

180 2657 393 2743 excessitque
410 2657 512 2722 fidem
533 2654 728 2719 meritorum
746 2675 880 2740 summa
897 2665 1054 2720 tuorum:

180 2763 208 2826 si
224 2773 339 2828 tamen
350 2764 417 2828 hoc
432 2774 574 2848 possunt
589 2760 690 2848 (quid
703 2760 793 2826 enim
808 2782 877 2825 non
890 2742 1044 2827 car'fnina
1056 2760 1231 2846 possinti)

180 2869 279 2933 deme
299 2870 384 2934 meis
397 2869 513 2945 annis,
532 2879 566 2934 et
582 2869 738 2952 demptos
755 2866 993 2951 addeparenti
1006 2866 1036 2928 :'

179 2997 245 3040 nec
260 2976 367 3041 tenuit
379 2976 556 3040 lacrimas.
605 2974 777 3045 Motadest
788 2973 912 3058 pietate
929 2973 1094 3060 rogantis,
1123 2961 1129 2968 ⁴

177 3041 447 3169 didsimilemque
465 3082 616 3146 animum
634 3081 735 3149 subiit
752 3077 863 3146 Aeeta
878 3079 1029 3146 relictus.
1181 3109 1232 3163 170

224 3187 301 3253 Nec
317 3199 432 3252 tamen
448 3187 591 3252 affectus
606 3187 692 3254 tales
708 3187 881 3261 oonfessa,
900 3184 1050 3272 ‘Qod’
1065 3184 1175 3274 inquit

180 3293 330 3360 ‘excidit
345 3315 404 3358 ore
421 3293 489 3379 pio,
509 3294 673 3381 conjunx,
691 3292 827 3362 scelus?
851 3313 936 3380 ergo
952 3311 1020 3379 ego
1034 3292 1199 3379 cuiquam

179 3421 279 3485 posse
295 3412 373 3465 tuae
389 3400 507 3466 videor
523 3399 669 3485 spatium
687 3399 914 3473 transcribere·
931 3397 1045 3463 vitae?

179 3527 244 3570 nec
260 3506 348 3571 sinat
364 3507 430 3572 hoc
447 3505 593 3581 Hecate,
610 3526 676 3570 nec
691 3515 727 3569 tu
743 3505 829 3590 petis
846 3525 967 3591 aequa
1016 3502 1089 3570 Sed
1104 3503 1183 3580 isto,
1213 3574 1217 3584 ,

178 3613 270 3698 quod
286 3613 386 3698 petis,
405 3611 690 3698 experiarvmajus
707 3612 789 3682 dare
805 3633 944 3685 munus,
964 3610 1079 3676 lison.
1182 3641 1231 3697 175

179 3728 250 3782 arte
267 3738 344 3781 mea
361 3717 470 3782 soceri
486 3717 630 3802 longum
646 3715 888 3799 temptabimus
907 3735 1048 3792 aevum,
1123 3759 1127 3766 -

177 3845 246 3888 non
264 3822 362 3888 annis
377 3842 539 3887 revocare
555 3821 640 3890 tuis:
661 3821 767 3886 ⁴modo
783 3819 863 3894 diva
879 3819 1039 3886 triformis

178 3931 328 4020 adjuvet,
347 3940 380 3996 et
395 3949 562 4015 praesens
577 3920 762 4024 infentilsus
776 3927 906 4003 adnuat
917 3926 1039 4004 ,ausis’
1143 4003 1148 4010 ¹
