2709 4325
117 291 227 363 V.661.]
382 278 617 367 Trzptolemus
640 278 715 344 and
733 278 887 368 Lyncus.
1120 294 1166 367 59

113 494 159 537 ros
174 472 286 548 cadit3
315 484 351 539 et
364 473 466 540 citius
481 496 586 562 quam
602 495 695 541 nunc
710 474 770 540 tibi
786 473 877 541 facta
892 496 1046 552 renarro,
1111 490 1163 563 ⁶³⁵

111 578 140 643 in
154 578 272 645 latices
289 590 420 645 mutor.
471 580 543 647 Sed
559 580 651 646 enim
666 582 844 669 cognoscit
860 593 992 648 amatas

111 686 211 753 amnis
228 706 360 773 aquas,
379 686 558 774 positoque
575 687 639 752 viri
655 689 748 775 quod
764 698 958 774 sumpserat
973 709 1046 766 ore,

109 792 240 857 vertitur
256 793 295 856 in
313 792 487 878 propriam,
504 803 542 857 ut
558 814 595 857 se
612 793 697 858 mihi
713 793 868 870 misceat,
885 795 1012 860 undas.

109 894 202 961 Delia
218 898 319 985 rupit
336 900 493 974 humum,
511 897 694 985 caecisque
709 919 778 987 ego
794 919 906 965 mersa
923 900 1081 967 cavernis

109 1002 257 1069 advehor
273 1004 478 1093 Ortygiam,
496 1024 587 1091 quae
604 1025 659 1070 me
674 1005 881 1093 cognomine
897 1006 997 1072 divae
1111 1022 1165 1093 640

108 1119 202 1197 grata
217 1132 327 1183 meae
344 1130 487 1197 superas
504 1108 622 1176 eduxit
637 1109 750 1196 prima
765 1111 829 1176 sub
846 1111 974 1177 auras.’

149 1216 230 1283 Hac
245 1216 429 1283 Arethusa
445 1228 559 1283 tenus.
607 1214 775 1282 Geminos
791 1217 857 1283 dea
872 1217 992 1285 fertilis
1008 1239 1142 1308 angues

109 1325 261 1393 curribus
279 1325 446 1401 admovit,
463 1323 637 1412 frenisque
651 1325 803 1391 codrcuit
817 1347 891 1403 ora,

109 1440 139 1495 et
152 1432 310 1499 medium
327 1431 415 1499 caeli
431 1442 611 1518 terraeque
627 1451 689 1517 per
705 1436 786 1496 aera
802 1442 901 1498 vecta
917 1443 981 1511 est,

110 1546 204 1625 atque
220 1540 341 1605 levem
358 1559 497 1604 currum
512 1537 691 1603 Tritonida
708 1536 801 1603 misit
816 1538 851 1602 in
867 1539 989 1604 urbem
1109 1556 1162 1627 645

109 1642 345 1731 Triptolemo;
369 1645 561 1732 partimque
577 1644 652 1711 rudi
668 1645 749 1710 data
766 1643 900 1709 semina
911 1644 1013 1733 jussit

111 1771 272 1840 spargere
290 1754 410 1829 humo,
428 1752 551 1837 partim
569 1762 645 1837 post
659 1762 815 1837 tempora
831 1751 937 1838 longa
953 1753 1118 1819 recultae.

108 1855 173 1943 jam
189 1880 299 1945 super
314 1858 478 1944 Europen
495 1857 649 1923 sublimis
665 1868 701 1923 et
714 1856 825 1923 Asida
840 1868 969 1922 terram

110 1975 224 2032 vectus
241 1976 315 2032 erat
327 1964 486 2053 juvenis3
511 1962 694 2051 Scythicas
711 1962 898 2030 advertitur
913 1984 1004 2029 oras.

110 2090 167 2135 rex
182 2072 230 2138 ibi
248 2072 393 2159 Lyncus
410 2080 494 2136 erat.
544 2069 655 2159 Regis
672 2069 761 2137 subit
776 2070 835 2136 ille
852 2082 1014 2156 penates;
1107 2088 1161 2161 650

111 2198 174 2264 qua
188 2179 319 2256 veniat,
339 2197 548 2265 causamque
564 2178 641 2244 viae
656 2198 852 2265 nomenque
868 2188 1010 2265 rogatus

112 2387 342 2478 Triptolemus
358 2411 498 2456 nomeu.
545 2389 637 2456 Veni
653 2411 719 2456 nec
735 2410 850 2476 puppe
866 2410 928 2475 per
942 2372 1068 2467 undas,

111 2517 172 2564 nec
186 2499 277 2585 pede
294 2518 356 2584 per
370 2508 500 2562 terras:
524 2497 633 2583 patuit
647 2497 732 2562 mihi
748 2497 886 2584 pervius
902 2497 1032 2562 aether.

114 2603 197 2670 dona
213 2605 288 2670 sero
304 2603 457 2680 Cereris,
475 2604 561 2670 latos
577 2623 667 2690 quae
685 2623 804 2689 sparsa
821 2625 883 2690 per
900 2624 1004 2691 agros
1106 2619 1160 2691 655

112 2707 289 2800 frugiferas
306 2731 438 2776 messes
454 2710 684 2796 alimentaque
701 2709 795 2775 mitia
811 2711 980 2776 reddant.'

113 2815 273 2884 barbarus
288 2817 430 2890 invidit3
455 2816 607 2903 tantique
622 2826 660 2881 ut
675 2815 828 2883 muneris
845 2830 965 2884 auctor

114 2919 180 3006 ipse
195 2924 250 3002 sit,
269 2921 419 3008 hospitio
434 2922 565 3008 recipit,
585 2941 774 3011 somnoque
791 2935 973 3013 gravatum

114 3029 305 3119 adgreditur
320 3031 424 3094 ferro.
473 3027 665 3095 Conantem
681 3031 791 3118 figere
807 3040 927 3117 pectus

113 3133 208 3222 lynca
223 3135 334 3204 Ceres
351 3134 443 3210 fecit,
461 3157 645 3223 rursusque
661 3158 724 3223 per
739 3141 820 3202 aera
833 3137 934 3226 jussit
1106 3156 1160 3212 660

15 3293 16 3296 η
112 3239 330 3331 Mopsopium
343 3240 505 3330 juvenem
521 3263 638 3310 sacros
654 3243 788 3332 agitare
799 3243 952 3331 jugales.
