2709 4325
110 263 126 317 1.
138 208 206 334 4¹52]
272 256 276 265 '
375 242 575 309 Deucalion
600 241 675 307 end
695 238 854 328 Herbe.
927 212 932 219 ¹
1100 251 1141 321 17

106 442 203 528 detque
218 439 282 505 sibi
299 439 459 515 veniam,
478 438 604 525 pavido
621 449 721 526 rogat
735 457 808 514 ore,
827 447 997 526 pavetque

103 550 215 615 laedere
227 548 374 635 jactetis
389 554 563 611 maternas
579 544 717 611 ossibus
730 544 884 610 umbras.

102 654 208 723 interea
222 663 388 741 repetunt
406 652 520 720 caecis
534 652 681 717 obscura
697 651 836 717 latebris

100 764 185 827 verba
199 762 301 828 datae
318 759 422 829 sortis
439 778 571 834 secum,·
589 756 676 823 inter
691 777 798 845 seque
813 756 978 823 volutant.

99 866 162 933 inde
175 866 441 935 Promethiades
458 863 605 948 ptacidis
620 862 841 949 Epimethida
857 864 957 931 dictis
1088 895 1142 953 ³90

99 976 218 1051 mulcet,
235 985 270 1041 et
287 974 386 1039 ‘Aut
402 971 512 1036 fallax
521 970 535 1001 '·
545 970 594 1034 ait
609 979 620 1011 ⁶
634 978 687 1035 est
701 970 853 1035 sollenia
868 971 981 1047 nobis,

98 1090 145 1144 aut
157 1080 211 1165 pia
226 1091 321 1157 sunt,
341 1079 545 1163 nullumque
561 1075 659 1141 nefas
677 1077 817 1141 oracula
835 1077 992 1141 suadent.

98 1202 209 1271 magna
225 1206 357 1270 parens
373 1180 483 1246 Terra
502 1190 574 1245 est:
599 1178 732 1265 lapides
749 1177 783 1243 in
800 1199 944 1265 corpore
959 1190 1071 1247 terrae

98 1308 162 1354 ossa
176 1312 250 1357 reor
266 1291 363 1357 diei:
381 1290 501 1377 iacere
515 1288 578 1353 hos
595 1297 671 1373 post
686 1297 786 1374 terga
798 1282 983 1374 jubemur.’

92 1407 98 1443 ¹
133 1394 298 1484 Conjugis
314 1395 689 1483 augurio-quemqua-
704 1392 845 1459 Titania
861 1405 953 1461 mota
968 1404 1032 1471 est,
1087 1424 1138 1483 395

98 1520 164 1585 spes
177 1512 292 1569 tamen
310 1503 347 1567 in
363 1502 467 1567 dubio
482 1512 555 1576 est3
581 1502 670 1567 adeo
686 1501 892 1566 caelestibus
908 1502 1012 1566 ambo

99 1606 238 1675 diffidunt
253 1606 414 1675 monitis:
427 1608 545 1675 -sed
562 1602 644 1695 quid
661 1617 829 1694 temptare
845 1604 1004 1671 nocebit?

99 1712 310 1792 descendunt,
327 1714 510 1805 velantque
528 1724 643 1801 caput,
663 1714 865 1802 tunicasque
881 1714 1076 1804 recingunt,

99 1829 126 1882 et
135 1820 241 1907 jussus
256 1822 392 1908 lapides
409 1842 472 1892 sua
488 1832 565 1911 post
578 1822 725 1909 vestigia
742 1821 889 1889 mittunt.
975 1830 978 1835 ’

99 1945 171 1992 saxa
182 1930 314 2017 —quis
331 1930 402 1994 hnc-
414 1928 545 2004 credet,
561 1928 627 1993 uisi
642 1928 687 1993 sit
701 1948 765 2013 pro
780 1938 864 1993 teste
879 1924 1053 1994 edumas?
1063 1962 1110 1981 -·

98 2051 210 2115 ponere
226 2035 386 2101 duritiem
403 2054 548 2120 coepere
564 2022 735 2121 suumque
751 2034 915 2123 rigorem,

99 2140 276 2230 mollirique
293 2163 402 2218 mora¹
422 2141 619 2230 mollitaque
637 2141 764 2208 ducere
780 2142 940 2209 sormam.

40 2237 43 2260 '
99 2264 181 2324 uox,
197 2249 255 2316 ubi
271 2258 468 2324 creverunt,
484 2258 675 2334 satiusque
692 2249 804 2316 mitior
820 2249 888 2316 illis

100 2353 237 2442 contigit,
255 2366 293 2422 nt
306 2354 495 2442 quaedam,
513 2354 566 2420 sic
580 2376 652 2450 uon
666 2356 862 2433 manifesta,
878 2355 988 2422 videri

56 2511 61 2522 .
99 2454 195 2525 forma
210 2471 320 2548 potest
335 2457 498 2550 homnis,
517 2461 579 2526 sed
594 2461 642 2526 uti
659 2459 891 2529 demarmore
908 2474 1043 2550 coepto,
1085 2491 1137 2550 405

99 2579 158 2626 nou
172 2577 291 2630 exacta
307 2561 404 2640 satis,
423 2562 631 2652 rudibusque
649 2563 823 2657 simillima
839 2567 961 2655 signis.

100 2687 175 2751 quae
189 2682 303 2737 tamen
320 2669 448 2736 exitiis
465 2671 580 2758 aliquo
596 2693 676 2758 pars
694 2672 836 2741 humida
852 2695 936 2742 suco

97 2783 128 2838 et
139 2785 266 2845 terrene
282 2778 361 2854 suit,
376 2797 476 2842 versa
492 2776 594 2844 estin
610 2779 764 2865 corporis
779 2802 902 2847 usum:

100 2883 176 2964 quod
191 2885 342 2952 sodidum
356 2883 583 2972 estflectiqne
597 2887 727 2973 nequit,
744 2899 894 2954 mutatur
910 2887 944 2952 in
961 2908 1062 2962 ossu3

99 3005 174 3071 quae
189 2991 291 3057 modo
306 3011 398 3056 vene
413 2989 488 3066 fuit,
506 2993 569 3058 sub
585 2994 708 3058 eodem
723 2994 862 3059 nomine
879 2993 1024 3068 mansit3
1085 3025 1138 3077 410

100 3090 186 3181 inque
202 3097 298 3163 brevi
316 3095 427 3183 spatio
444 3119 645 3184 superorum
662 3098 803 3188 numine
819 3121 906 3166 saxa

100 3200 188 3268 missa
203 3202 268 3268 viri
284 3200 446 3270 manibus
462 3201 587 3272 faciem
603 3205 918 3287 trusere-virorum,
1038 3258 1040 3261 -

99 3315 125 3370 et
136 3307 174 3374 de
190 3309 341 3376 femineo
358 3322 517 3396 reparata
533 3321 585 3376 est
600 3311 729 3376 femina
742 3311 851 3399 jactu.
940 3361 943 3365 .

97 3407 163 3481 iude
178 3421 292 3504 gemis
308 3417 433 3484 dur'um
451 3439 571 3482 sumus
585 3418 836 3505 experiensque
850 3417 1023 3495 laborum,

97 3525 124 3584 et
135 3520 341 3606 documenta
357 3522 493 3602 damus,
509 3543 580 3612 qna
595 3522 704 3590 simus
718 3522 854 3610 origine
870 3525 952 3588 nati.
996 3544 1013 3589 f
1064 3545 1069 3551 ·
1084 3554 1135 3608 415
