2709 4325
189 263 234 331 86
487 266 559 334 The
588 265 804 354 Culydom‘rm
828 263 992 334 Hunt.'
1099 285 1246 358 [Mareu
1341 236 1342 253 Χ

188 461 225 528 in
242 462 354 530 scelus
371 463 566 528 addendum
585 464 699 529 scelus
713 473 776 539 est,
794 464 830 528 in
846 458 968 528 funera
982 455 1124 539 funuer-

189 590 251 655 per
267 579 488 635 coacervatos
505 581 623 654 pereat
638 570 761 636 domus
776 568 884 655 impia
901 571 1025 638 luctus.
1189 590 1245 654 485

190 696 234 738 an
250 675 333 740 felix
350 674 490 740 Oeneus
507 684 587 739 nato
603 675 732 740 victore
747 675 889 749 fruetur,

188 781 351 847 Thestius
367 781 471 846 orbus
489 778 574 844 erit?
620 779 751 847 Melius
766 780 927 868 lugebitis
945 778 1059 848 ambo.

188 908 251 952 vos
268 889 382 964 modu,
400 885 539 952 fraterni
558 885 692 962 manes,
710 887 916 973 animaeque
931 899 1099 966 recentes,

190 993 337 1059 officium
355 993 475 1058 sentite
492 1013 619 1067 meum,
639 1011 836 1080 magnoque
852 1003 990 1079 paratas
1015 998 1037 1013 “·
1115 1037 1120 1043 -
1185 1034 1189 1042 ·

191 1101 335 1185 accipite
350 1097 605 1176 inferias,'uteri
623 1099 714 1161 maia
731 1099 878 1186 pignora
893 1099 1013 1164 nostri.
1075 1130 1095 1145 .‚
1139 1120 1161 1136 -'
1188 1117 1245 1187 49'6

237 1205 302 1270 ‘Ei
318 1205 423 1270 mihil
448 1227 515 1293 quo
531 1201 667 1290 rapior?
691 1203 813 1271 fratres
828 1201 999 1292 ignoscite
1012 1205 1110 1270 matri
1122 1195 1142 1271 1'
1196 1194 1202 1202 ’

190 1311 352 1376 deficiunt
368 1313 412 1377 ad
428 1321 549 1397 coepta
565 1329 701 1375 manus.
750 1308 923 1376 Meruisse
939 1303 1087 1385 fatemur
1114 1343 1117 1350 ·

189 1418 299 1494 iilum,
317 1439 379 1483 cur
394 1430 532 1504 pereatr
557 1416 673 1482 mortis
690 1415 774 1481 mihi
791 1412 952 1501 displicet·
964 1424 1093 1482 auctor.
1118 1461 1122 1466 <
1179 1431 1183 1438 '

190 1546 273 1612 ergo
289 1525 430 1611 impune
446 1525 542 1600 feret,
560 1523 728 1610 vivusque
741 1532 777 1586 et
791 1520 899 1587 victor
914 1511 948 1588 et
961 1523 1038 1608 ipso

189 1651 351 1696 successu
366 1631 515 1697 tumidus
529 1629 676 1718 'regnum
694 1625 886 1716 Calydonis
903 1628 1064 1702 habehit?
1102 1671 1106 1676 ι
1134 1642 1138 1648 ’
1185 1660 1242 1719 495

188 1753 250 1804 vos
267 1737 351 1803 cinis
367 1738 515 1826 exiguus
531 1737 737 1825 gelidaeque
746 1735 911 1824 jacebitis
924 1734 1090 1802 umbrae?
1181 1723 1185 1731 ’

189 1845 282 1910 haud
298 1845 458 1932 equidem
474 1845 596 1930 patiar.
644 1843 769 1909 Pereat
783 1842 984 1917 sceleratus,
994 1843 1111 1911 etiiie

187 1972 352 2037 spemque
369 1952 474 2037 patris
489 1944 656 2040 regnique
672 1941 790 2016 trahat·
799 1949 1164 2036 patriaequeruinam.

188 2077 285 2122 mens
301 2057 358 2121 ubi
376 2068 536 2122 materna
546 2051 619 2122 est?
641 2056 701 2122 ubi
717 2068 795 2122 sunt
811 2056 867 2141 pia
881 2055 960 2144 jura
976 2055 1181 2140 parentum?
1242 2072 1246 2078 '

188 2174 221 2229 et
236 2187 321 2251 quos
338 2164 481 2230 sustinui
496 2165 549 2229 bis
565 2182 722 2229 mensum
739 2164 890 2252 quinque
907 2161 1077 2229 laboresi'
1141 2179 1145 2185 ’
1188 2194 1246 2252 500·

84 2330 93 2349 ‚
188 2266 220 2332 O
236 2267 365 2332 utinam
381 2266 500 2353 primis
517 2268 658 2333 arsisses
674 2267 814 2354 ignibus
830 2259 957 2343 inians,
1056 2308 1061 2314 ·
1118 2256 1123 2285 ³
1178 2305 1182 2313 ·

186 2372 289 2459 idque
305 2394 372 2459 ego
389 2394 492 2459 passa
507 2372 637 2438 soremi
684 2372 810 2439 Vixisti
828 2388 971 2440 munere
987 2376 1124 2442 nos'tro:

186 2500 278 2544 nunc
294 2479 414 2545 merito
430 2480 575 2545 moriere
591 2490 662 2545 tuo.
711 2478 810 2565 Cape
826 2482 980 2566 praemia
996 2482 1090 2560 sacti,
1121 2517 1125 2525 ι

185 2584 306 2673 bisque
321 2586 450 2661 datam,
468 2586 617 2671 primurn
633 2597 746 2673 partu,
766 2606 846 2653 mox
863 2589 975 2675 stipite
991 2600 1102 2676 rapto,

184 2692 290 2757 redde
307 2691 471 2770 animam,
489 2693 545 2758 vel
561 2712 616 2758 me
632 2692 791 2759 fraternis
808 2695 897 2761 adde
914 2697 1093 2782 sepulcris.
1187 2731 1238 2785 505

231 2797 298 2863 ‘Et
322 2798 436 2883 cupio,
450 2808 500 2864 ret
528 2818 683 2886 nequest
707 2800 791 2887 quid
814 2791 943 2890 agam?
966 2804 1074 2870 modo
1092 2805 1240 2871 vulnera

318 2904 461 2969 fratrum
863 2920 867 2925 '

186 3020 263 3076 ante
279 3013 396 3077 oculos
413 3011 496 3076 mihi
512 3023 603 3089 sunt,
622 3023 658 3079 et
670 3024 788 3081 tantae
803 3017 919 3085 caedis
936 3016 1053 3105 imago
1064 3028 1077 3079 r·

135 3136 138 3141 ·
185 3138 277 3183 nunc
293 3118 444 3219 animum
461 3118 570 3204 pietas
587 3132 810 3212 maternaque
826 3124 967 3189 nomina
982 3123 1158 3211 frangunt.

184 3245 239 3288 me
257 3221 437 3289 miseram!
463 3226 553 3290 maie
570 3226 725 3304 vincetis,
744 3231 805 3295 sed
820 3229 959 3307 vincite,
977 3231 1119 3295 fratres:

184 3330 370 3395 dummodo
385 3351 476 3416 quae
491 3331 618 3401 dedero
634 3336 732 3401 vobis
749 3337 890 3413 solacia,
908 3357 1038 3424 vosque
1185 3366 1239 3423 510

103 3517 109 3529 ι
183 3435 258 3521 ipsa
274 3436 424 3523 sequar!
470 3438 579 3516 Dixit,
599 3441 787 3527 dextraque
803 3452 926 3507 aversa
942 3441 1099 3508 trementi

183 3544 360 3609 funereum
378 3555 503 3612 torrem
521 3547 652 3613 medios
669 3548 815 3634 conjecit
830 3549 866 3612 in
881 3549 995 3637 ignes.

184 3660 243 3715 aut
257 3650 363 3726 dedit,
382 3663 440 3717 aut
455 3654 547 3718 visus
559 3644 713 3741 gemitus
730 3665 781 3719 est
797 3654 854 3718 iile
871 3655 1012 3720 dedisse

182 3757 299 3844 stipes,
317 3770 356 3824 ut
371 3758 677 3845 invitis‘correptus
695 3761 740 3824 ab
756 3760 894 3847 ignibus
912 3764 1005 3827 arsit.
1233 3834 1237 3841 ,

226 3864 360 3931 Inscius
377 3879 478 3953 atque
495 3860 619 3930 absens
636 3865 775 3928 flamma
793 3866 993 3956 Meleagros
1010 3870 1055 3935 ab
1071 3870 1130 3936 ilia
1185 3902 1235 3961 515

181 3972 299 4050 uritur,
318 3984 351 4039 et
367 3973 479 4039 caecis
495 3972 614 4037 torreri
631 3971 765 4037 viscera
781 3973 882 4048 sentir
955 4035 960 4043 ,
