2709 4325
191 236 253 301 182
458 206 461 212 ι
564 231 714 298 Skorter
735 233 870 322 Poeans.
1095 247 1252 318 [Tmsrm.

187 431 311 508 Fama,
329 430 536 516 parentales,
554 429 582 494 si
598 451 660 494 vos
676 450 755 494 mea
771 427 1087 519 contigit,‚umbrae

230 539 276 626 Et
292 539 421 604 suntin
438 538 561 625 Stygio
578 539 723 602 crimina
739 551 854 602 nostra
871 538 957 612 soro,

188 647 293 722 Scite,
312 667 446 732 precor,
465 665 605 710 causam
616 665 735 709 -nec
751 667 812 709 vos
830 645 912 708 mihi
928 644 1047 708 fallere
1063 642 1116 708 sas
1131 653 1241 708 est—

232 753 393 818 Errorem
406 752 537 840 jussae,
556 773 624 816 non
641 752 767 826 sceluS,
786 773 862 816 esse
878 751 996 840 fugae.
1202 783 1240 838 90

187 861 351 927 Manibus
369 863 435 927 hoc
451 861 532 926 satis
548 873 619 926 est:
645 862 689 926 ad
705 883 780 937 vos,
799 862 962 939 studiosa,
977 873 1144 938 revertor,

231 969 387 1042 Pectora,
406 969 464 1056 qui
480 969 569 1033 vitae
586 968 748 1055 quaeritis
764 980 840 1034 acta
857 990 968 1034 meae.

180 1077 261 1166 Jam
280 1077 362 1141 mihi
379 1077 520 1142 canities
537 1077 643 1162 pulsis
660 1077 857 1142 melioribus
874 1077 972 1143 annis

229 1185 395 1263 Venerat,
414 1187 570 1273 antiquas
587 1187 839 1274 miscueratque
855 1208 986 1263 comas,
1085 1185 1089 1190 ’

185 1293 334 1381 Postque
351 1315 446 1359 meos
462 1305 555 1358 ortus
572 1293 696 1358 Pisaea
711 1295 846 1359 vinctus
861 1292 960 1365 oliva,

230 1399 430 1466 Abstulerat
446 1400 560 1466 decies
577 1401 731 1486 praemia
746 1401 854 1465 victor
870 1420 993 1487 equus,

185 1507 275 1575 Cum
294 1509 398 1574 maris
414 1507 542 1573 Euxini
560 1507 687 1593 positos
704 1509 748 1572 ad
764 1509 864 1573 laeva
878 1507 1035 1574 Tomitas

232 1614 411 1700 Quaerere
426 1637 481 1680 me
498 1615 582 1680 laesi
599 1615 763 1700 principis
778 1613 830 1678 ira
842 1615 951 1702 jubet.

185 1721 301 1788 Causa
318 1743 417 1787 meae
433 1723 565 1786 cunctis
582 1721 724 1786 nimium
741 1743 877 1810 quoque
894 1732 974 1788 nota
989 1720 1110 1788 ruinae

230 1828 363 1895 Indicio
380 1851 450 1894 non
466 1840 517 1894 est
531 1827 746 1894 testificanda
762 1849 852 1894 meo.
1185 1863 1237 1902 100

185 1934 281 2021 Quid
297 1936 444 2000 reseram
460 1935 691 2021 comitumque
707 1935 803 2000 nefas
820 1934 1034 2022 famulosque
1050 1935 1237 2002 nocentes?

230 2042 310 2128 Ipsa
327 2043 433 2107 multa
449 2042 510 2107 tuli
527 2062 595 2106 non
613 2041 742 2106 leviora
758 2041 852 2130 luga.

185 2149 371 2238 Indignata
387 2149 485 2215 malis
502 2171 600 2215 mens
616 2160 667 2215 est
683 2149 919 2226 succumbere,
937 2171 1041 2236 seque

230 2256 578 2322 Praestitit-invictam
594 2256 724 2323 viribus
740 2278 802 2321 usa
819 2257 900 2322 suis.

184 2362 388 2450 Oblitusque
404 2362 472 2427 mei
490 2363 680 2449 ductaeque
697 2384 759 2449 per
772 2364 842 2428 otia
857 2364 962 2440 vitae,

230 2470 371 2536 insolita
388 2469 465 2556 cepi
476 2470 642 2555 temporis
659 2491 755 2534 arma
772 2491 891 2535 manu.

182 2576 319 2664 Totque
334 2577 394 2642 tuli
409 2592 512 2643 ‘casus
528 2577 723 2665 pelagoque
738 2587 909 2663 terraque,
928 2589 1010 2664 quot
1024 2576 1114 2642 inter
1195 2569 1199 2579 ’

229 2682 412 2749 Occultum
429 2683 547 2749 stellae
564 2684 856 2769 conspicuumque
870 2683 998 2770 polum.

183 2790 293 2856 Tacta
310 2790 393 2854 mihi
409 2790 548 2855 tandem
558 2790 678 2877 'longis
695 2789 867 2854 erroribus
884 2800 959 2856 acto

223 2896 349 2984 Juncta
364 2896 569 2983 pharetratis
586 2896 756 2961 Sarmatis
771 2886 831 2960 ora
847 2894 957 2962 Getis.
1186 2930 1235 2970 110

184 3004 253 3069 Hic
269 3025 335 3092 ego
351 3004 502 3069 finitimis
518 3003 676 3091 quamvis
693 3002 925 3068 circumsoner
941 3003 1057 3080 armis,

226 3112 367 3188 Tristia,
385 3134 453 3199 quo
469 3124 623 3197 possum,
642 3110 794 3175 carmine
810 3109 880 3175 fata
896 3109 985 3176 levo.

184 3218 288 3304 Quod
305 3220 462 3307 quamvis
477 3210 580 3285 nemo
596 3228 659 3294 est,
677 3216 775 3306 cujus
791 3206 956 3282 referatur
973 3218 1017 3283 ad
1029 3239 1149 3297 aures,

227 3326 287 3391 Sic
302 3337 417 3391 tamen
435 3327 578 3391 absumo
594 3326 796 3412 decipioque
813 3325 915 3390 diem.

182 3432 276 3521 Ergo
293 3434 384 3520 quod
399 3434 490 3507 vivo,
509 3434 670 3520 durisque
687 3434 861 3498 laboribus
876 3433 986 3510 obsto,
1186 3468 1231 3522 115

226 3539 304 3605 Nec
320 3563 376 3605 me
393 3542 557 3607 sollicitae
574 3542 686 3608 taedia
702 3543 789 3608 lucis
806 3544 947 3618 habent,

181 3647 314 3724 Gratia,
334 3648 451 3726 Musa,
467 3652 548 3727 tibi;
574 3674 654 3717 nam
671 3663 707 3716 tu
724 3652 852 3718 solacia
869 3653 1026 3738 praebes,
1048 3639 1052 3645 ἐ

224 3757 281 3821 Tu
299 3779 401 3822 curae
417 3744 566 3844 requies,
584 3770 619 3823 tu
636 3758 807 3823 medicina
823 3759 941 3832 venis;
1048 3764 1051 3769 '

179 3863 236 3929 Tu
247 3866 324 3935 ,dux
341 3876 373 3929 et
390 3887 504 3931 comes
521 3886 579 3939 es3
603 3877 638 3931 tu
656 3888 718 3931 nos
735 3865 877 3931 abducis
894 3867 937 3931 ab
954 3865 1085 3943 Histro,

226 3970 266 4035 In
283 3971 464 4059 medioque
480 3970 564 4037 mihi
581 3972 643 4037 das
660 3971 830 4037 Helicone
845 3971 971 4037 locum.
