2709 4325
113 261 176 315 xv.
191 261 271 332 834]
375 243 522 332 Jupiter
531 244 701 331 foretdts
722 243 777 310 his
805 244 927 333 Glory.
1098 263 1160 335 151

112 457 146 522 in
161 458 331 543 templum
348 458 477 546 gladii3
500 477 613 544 neque
629 457 722 522 enim
738 456 835 525 locus
850 457 941 524 ullus
957 458 994 523 in
1010 458 1108 527 Urbe

114 563 156 628 ad
172 563 309 628 facinus
325 565 502 650 diramque
518 564 642 649 placet,
661 563 726 628 nisi
742 565 852 641 curia,
869 565 1026 630 caedem.

112 679 183 733 tum
200 690 284 734 vero
300 668 475 756 Cytherea
492 688 596 734 manu
613 670 781 755 percussit
796 682 940 757 utraque

114 786 247 860 pectus,
267 775 466 840 etaetheria
484 777 619 846 molitur
636 777 784 842 condere
800 777 906 852 nube,

114 902 181 968 qua
197 882 294 967 prius
310 881 432 946 infesto
449 881 547 947 Paris
563 893 614 947 est
630 894 766 968 ereptus
781 881 939 961 Atridae,
1111 903 1163 974 803

116 998 148 1052 et
163 987 374 1054 Diomedeos
390 987 530 1052 Aeneas
546 987 682 1074 fugerat
697 1009 808 1054 enses.

158 1093 306 1158 Talibus
323 1095 413 1160 hauc
429 1094 584 1182 genitor:
609 1103 618 1134 ⁶
635 1093 720 1158 Sola
736 1094 967 1181 insuperabile
981 1097 1104 1177 satum,
1145 1080 1156 1140 ¹·

117 1211 209 1276 nata,
228 1221 366 1266 movere
383 1198 508 1285 paras?
531 1200 635 1264 intres
651 1198 732 1263 licet
747 1199 823 1286 ipsa
838 1224 992 1270 sororum

116 1317 204 1372 tecta
219 1306 322 1370 trium
335 1305 343 1370 1
367 1326 489 1372 cernes
504 1304 575 1371 illic
591 1305 766 1372 molimine
782 1319 879 1376 vasto

117 1433 160 1478 ex
177 1433 258 1477 aere
274 1423 307 1478 et
323 1411 433 1478 solido
448 1431 560 1476 rerum
576 1411 745 1478 tabularia
761 1414 863 1492 ferro,
982 1443 985 1449 ·
1113 1433 1166 1487 810

118 1539 206 1605 quae
223 1539 334 1604 neque
351 1505 673 1593 concursum'caeli,
693 1536 804 1607 neque
819 1521 972 1588 fulminis
987 1521 1088 1601 iram,

118 1645 182 1689 nec
197 1634 354 1688 metuunt
369 1624 458 1688 ullas
473 1633 545 1687 tuta
562 1634 662 1709 atque
680 1636 817 1690 aeterna
833 1628 961 1693 ruinas.

59 1767 62 1774 ·
118 1729 273 1795 invenies
289 1729 360 1794 illic
375 1729 484 1794 incisa
502 1728 685 1795 adamante
701 1733 844 1817 perenni
992 1724 996 1730 ⁵

119 1837 188 1901 sata
203 1835 252 1900 tui
269 1835 407 1923 generis
419 1857 433 1896 :-
452 1833 523 1922 legi
540 1835 613 1920 ipse
630 1837 813 1923 animoque
829 1839 964 1917 notavi,⁴

119 1952 152 2008 et
167 1942 329 2018 reseram,
346 1961 390 2006 ne
407 1939 454 2006 sis
471 1939 657 2006 etiamnum
675 1943 797 2030 ignara
814 1946 929 2011 futuri.
1117 1963 1167 2032 εις

165 2048 262 2113 ‘Hic
277 2066 339 2112 sua
357 2047 553 2132 complevit,
571 2069 632 2133 pro
648 2031 729 2135 quo]
746 2049 933 2137 Cytherea,
950 2051 1100 2129 laboras,

118 2166 275 2241 tempora
291 2152 450 2239 perfectis
467 2176 552 2240 quos
569 2164 678 2221 terrae
695 2157 810 2223 debuit
826 2159 937 2225 annis.

9 2322 10 2345 q
118 2273 155 2328 ut
171 2264 257 2328 deus
275 2261 417 2326 accedat
433 2262 529 2327 caelo
545 2263 749 2349 templisque
766 2264 908 2341 locetur,

10 2384 11 2455 i
118 2381 154 2435 tu
171 2368 279 2433 iacies
294 2378 463 2453 natusque
480 2388 574 2443 suus,
594 2368 652 2454 qui
669 2368 817 2433 nominis
834 2371 956 2436 haeres

10 2468 12 2542 ἰ
118 2474 317 2561 impositum
332 2473 419 2538 teret
434 2494 522 2537 unus
539 2495 639 2549 onus,
658 2475 842 2561 caedisque
858 2463 1010 2561 parentis
1118 2493 1172 2546 820

119 2602 183 2647 nos
199 2580 236 2645 in
251 2580 343 2645 bella
360 2592 440 2643 suos
456 2578 658 2645 fortissimus
675 2581 765 2645 ultor
781 2581 930 2646 habebit.

11 2706 12 2730 ³
119 2687 211 2753 illius
228 2683 390 2770 auspiciis
407 2686 567 2750 obsessae
584 2686 719 2750 moenia
735 2706 857 2772 pacem
922 2695 924 2699 ’

12 2852 13 2855 ,
119 2795 210 2859 victa
225 2803 345 2880 petunt
361 2791 539 2866 Mutinae3
564 2790 743 2858 Pharsalia
761 2792 881 2858 sentiet
896 2792 1015 2869 illum3

120 2900 351 2989 Emathiaque
366 2900 489 2965 iterum
507 2898 691 2966 madefient
706 2898 817 2963 caede
829 2898 1002 2984 Philippi3

13 3008 14 3077 ζ
121 3017 155 3073 et
171 3028 337 3095 magnum
354 3005 481 3072 Siculis
498 3026 623 3071 nomen
641 3003 855 3088 superabitur
870 3004 992 3078 undis3
1120 3002 1171 3090 825⁷

121 3113 342 3200 Romanique
359 3112 456 3178 ducis
473 3112 624 3199 conjunx
641 3108 817 3197 Aegyptia
832 3109 956 3175 taedae
1018 3093 1021 3104 ¹

121 3242 191 3285 non
206 3220 296 3293 bene
311 3219 375 3283 fisa
392 3217 511 3282 cadet:
537 3216 729 3304 frustraque
747 3216 811 3280 erit
824 3216 885 3280 illa
901 3216 1045 3294 minata,

121 3325 289 3392 servitura
305 3345 367 3389 suo
384 3322 555 3408 Capitolia
572 3333 687 3387 nostra
706 3321 865 3406 Canopo.

169 3442 179 3472 ‘
195 3429 291 3514 Qid
307 3430 366 3494 tibi
382 3428 588 3503 barbariem,
608 3441 729 3515 gentes
747 3430 791 3493 ab
806 3439 950 3515 utroque
963 3428 1116 3517 jacentes

122 3537 266 3604 Oceano
282 3532 483 3599 numerem?
509 3532 763 3620 Quodcumque
782 3533 968 3600 habitabile
984 3535 1086 3599 tellus
1122 3554 1174 3618 830

123 3643 278 3717 sustinet,
296 3639 397 3727 hujus
414 3639 477 3704 erit
487 3661 496 3714 ;
521 3650 644 3723 pontus
660 3660 796 3725 quoque
813 3640 937 3705 serviet
953 3640 1014 3704 illi.

122 3768 209 3835 pace
226 3748 306 3812 data
322 3744 433 3820 terris,
452 3745 603 3809 animum
622 3744 666 3809 ad
683 3744 796 3808 civilia
812 3756 920 3809 vertet

119 3854 197 3943 jura
214 3869 330 3927 suum,
347 3851 512 3937 legesque
529 3850 613 3915 seret
625 3849 833 3937 justissimus
849 3862 988 3915 auctor:

123 3959 352 4044 exemploque
369 3977 431 4021 suo
449 3973 560 4021 mores
576 3964 686 4042 reget,
704 3955 807 4041 inque
824 3956 928 4020 futuri
996 3977 1000 3984 ’
