2709 4325
175 266 240 334 160
550 264 701 333 Skarter
723 265 858 331 Peems.
1097 276 1231 349 {Fessa

172 465 265 532 Urbs
282 463 442 531 oritur-
453 463 529 550 quis
545 473 627 529 tunc
643 464 710 528 hoe
725 462 786 526 ulli
804 463 943 530 credere
959 457 1096 547 posset?
1106 492 1153 508 --

215 573 392 639 Victorem
408 570 506 636 terris
522 569 723 654 impositura
740 569 875 653 pedem.

172 679 306 746 Cuncta
324 699 439 768 regas,
458 687 491 741 et
507 676 554 740 sis
571 696 701 761 magno
717 674 780 738 sub
796 673 949 739 Caesare
966 692 1124 758 semper:

217 786 331 872 Saepe
348 785 450 850 etiam
468 781 575 868 pluris
592 779 740 845 nominis
757 779 859 868 hujus
875 781 986 854 habe;
1180 792 1234 848 860
1352 846 1353 849 ,

172 892 216 958 Et
231 892 388 980 quotiens
405 890 537 956 steteris
554 886 682 953 domito
699 887 854 952 sublimis
870 886 906 952 in
922 887 1018 962 orbe,

218 998 344 1064 Omnia
360 999 428 1063 sint
443 995 596 1098 humeris
613 993 775 1060 inferiora
790 992 869 1058 tuis.

338 1337 370 1384 a.
395 1318 526 1386 Relual
545 1326 579 1383 ta
603 1326 705 1387 avcrt
726 1315 856 1406 Bla‘ght
880 1313 1000 1406 (April
1024 1313 1102 1403 25).

173 1529 298 1674 SEX
313 1530 385 1606 ubi,
403 1551 492 1618 quae
507 1539 647 1606 restant,
667 1529 763 1595 luces
778 1527 910 1613 Aprilis
925 1527 1081 1604 habebit,

277 1637 318 1701 In
335 1637 448 1702 medio
464 1655 566 1710 cursu
584 1647 740 1721 tempora
756 1635 847 1702 veris
863 1645 976 1709 erunt,

173 1742 218 1808 Et
233 1743 356 1808 frustra
373 1744 540 1828 pecudem
557 1759 703 1830 quaeres
719 1741 986 1808 Athamantidos
1004 1739 1140 1816 Helles,

219 1848 397 1937 Signaque
414 1850 496 1915 dant
511 1848 652 1925 imbres,
670 1848 889 1935 exoriturque
908 1847 1028 1914 Canis.

175 1955 253 2021 Hac
271 1955 352 2038 mihi
369 1955 542 2020 Nomento
558 1956 709 2020 Romam
725 1976 805 2023 cum
821 1957 899 2020 luce
915 1954 1077 2031 redirem,
1180 1984 1234 2044 905

218 2061 353 2128 Obstitit
369 2062 404 2126 in
421 2063 533 2128 media
551 2061 700 2134 candida
715 2063 816 2128 turba
832 2062 911 2138 via;

174 2170 319 2236 Flamen
336 2168 371 2249 in
388 2170 547 2255 antiquae
563 2171 678 2234 lucum
695 2167 881 2258 Robiginis
896 2168 981 2245 ibat,

219 2275 309 2340 Exta
325 2276 420 2341 canis
436 2275 595 2350 flammis,
614 2287 694 2341 exta
710 2276 852 2346 daturus
867 2277 953 2342 ovis.

174 2380 331 2449 Protinus
348 2382 490 2457 accessi,
508 2382 591 2449 ritus
607 2404 650 2449 ue
667 2382 804 2450 nescius
819 2404 954 2459 essem;
985 2425 989 2432 ·

220 2488 334 2555 Edidit
351 2490 437 2555 haec
453 2489 598 2567 Flamen
614 2489 733 2563 verba,
753 2487 914 2572 Qirine,
931 2501 1032 2559 tuuss
1183 2520 1240 2578 910

173 2594 314 2683 Aspera
331 2596 481 2683 Badake,
488 2602 623 2681 parcas
645 2594 841 2665 Cerealibus
857 2597 985 2672 herbas,

217 2703 270 2769 Et
285 2711 413 2787 tremat
428 2704 464 2767 in
481 2722 612 2766 summa
629 2702 704 2767 leve
719 2711 880 2769 cacumen
898 2704 1013 2770 humo.

180 2810 233 2877 Ta
250 2818 327 2891 sata
341 2810 512 2873 sadera'bas
528 2809 619 2873 caeli
631 2810 768 2874 nutrita
784 2811 930 2877 secundi

225 2916 400 2993 Crescere,
419 2917 499 2981 dum
503 2916 602 3001 fiant
608 2916 766 2999 falcibus
784 2923 882 3004 apta,
901 2918 1007 2983 scitas.

186 3022 243 3089 Vis
259 3032 320 3087 tua
337 3044 404 3086 aaa
422 3023 506 3087 levis
523 3031 591 3086 est:
619 3044 708 3109 qaae
724 3031 763 3088 la
775 3023 1117 3103 frumentauetasta',
1187 3054 1220 3114 9¹
1225 3053 1240 3109 5
1283 3008 1289 3017 ¹

219 3128 375 3193 Maestus
392 3129 428 3192 in
439 3129 578 3209 ,amasses
595 3128 658 3193 a‘lla
676 3130 815 3195 colonus
831 3131 945 3200 tabet.

173 3233 253 3301 Nec
267 3234 512 3321 ventilantem
535 3234 662 3301 Cereri
675 3258 835 3314 nacaere,
855 3260 918 3303 nec
933 3238 1072 3315 ainbres,

218 3338 362 3407 Neasz'a
376 3361 569 3406 marmorea
588 3343 706 3429 pallet
721 3344 846 3408 adusta
857 3344 955 3429 gela,

174 3445 370 3531 Quartum,
388 3448 423 3510 si
434 3448 562 3513 calmes
588 3448 692 3513 Titan
710 3449 893 3531 incalfacit
908 3451 1012 3514 udos:

195 3640 200 3653 .
227 3551 323 3617 Tunc
338 3553 430 3617 locus
447 3563 496 3619 est
511 3556 601 3629 irae,
620 3555 704 3619 diva
721 3555 886 3631 cernenda,
904 3563 996 3620 tuae.
1186 3589 1243 3645 9²0

174 3658 301 3735 Parce,
313 3666 457 3746 precor,
476 3661 685 3745 scabrasque
701 3678 823 3723 manus
838 3682 862 3723 a
877 3662 1038 3725 messibus
1054 3665 1176 3745 aafhr,

218 3763 321 3832 Neve
338 3788 421 3831 noca
438 3766 558 3830 cultis:
577 3772 681 3852 passe
697 3752 820 3830 nocere
835 3774 890 3831 sat
905 3775 964 3832 est.

173 3867 253 3936 Nec
268 3877 407 3935 teneras
423 3877 564 3955 segetes,
582 3869 643 3932 scd
657 3869 784 3933 duram
801 3870 1008 3957 amplectere
1014 3872 1178 3953 searrum,

219 3974 393 4063 ‚Quodque
402 3980 519 4063 potest
534 3974 621 4049 alim,
631 3975 798 4063 perdere,
809 3977 924 4065 perde
933 3978 1053 4065 prior.
1069 4018 1078 4037 .
