2709 4325
123 254 286 328 Xll.139.]
472 242 589 308 Deatk
614 245 662 329 (ff
681 243 833 332 Cygnus,
1001 266 1004 272 ’
1116 255 1178 330 115

123 455 282 524 quasque
294 435 303 463 ’
317 436 369 501 ait
380 447 396 478 ·‘
412 448 488 503 ante
505 439 623 504 habuit
638 440 742 517 vires,
759 439 879 506 effudit
895 439 931 504 in
946 436 1038 506 uno?

123 561 207 603 nam
224 552 316 612 certe
333 542 439 620 valui,
457 545 514 610 vel
530 565 607 612 cum
625 545 797 632 Lyrnesia
814 547 945 632 primus

123 642 264 710 moenia
280 645 404 730 dejeci,
422 647 571 712 velcum
589 648 826 737 Tenedonque
843 671 974 736 suoque

123 747 311 816 Eetioneas
328 750 467 836 implevi
485 754 654 842 sanguine
670 755 834 830 Thebas;
1130 792 1182 832 110

122 855 180 918 vel
198 875 278 918 cum
295 878 487 943 purpureus
504 861 660 945 populari
676 862 785 926 caede
801 856 942 948 Caycus

123 959 237 1038 fluxit,
256 983 412 1051 opusque
428 987 525 1032 meae
540 967 593 1032 bis
610 966 717 1032 sensit
732 966 912 1052 Telephus
928 971 1057 1038 hastae.

124 1066 183 1132 hic
199 1088 336 1156 quoque
353 1081 400 1134 tot
416 1072 539 1148 caesis,
557 1094 701 1159 quorum
719 1094 781 1158 per
797 1073 876 1140 litus
893 1095 1034 1144 acervos

124 1185 160 1238 et
174 1173 255 1251 ieci,
273 1185 308 1240 et
322 1175 435 1254 video,
453 1177 561 1243 valuit
577 1199 654 1244 mea
671 1179 792 1244 dextra
808 1181 989 1270 valetque.’

170 1279 279 1358 Dixit,
298 1293 343 1359 et,
363 1296 440 1348 ante
457 1284 542 1350 actis
558 1285 662 1350 veluti
680 1286 770 1351 male
788 1289 952 1366 crederet,
972 1291 1105 1356 hastam
1128 1323 1156 1362 11
1161 1322 1176 1376 ς

124 1386 217 1453 misit
232 1388 268 1452 in
286 1389 468 1456 adversum
485 1391 597 1479 Lycia
614 1392 657 1456 de
673 1392 775 1477 plebe
791 1392 990 1474 Menoeten,

121 1493 337 1583 loricamque
354 1497 454 1562 simul
472 1497 694 1586 subjectaque
710 1511 850 1585 pectora
866 1503 969 1588 rupit.

121 1622 192 1688 quo
209 1602 397 1689 plangente
415 1625 558 1692 gravem
577 1605 780 1671 moribundo
795 1607 921 1673 vertice
938 1620 1076 1687 terram,

122 1707 274 1773 extrahit
289 1708 375 1774 illud
391 1709 482 1775 idem
500 1710 613 1777 calido
629 1713 672 1777 de
689 1713 831 1779 vulnere
847 1715 966 1792 telum,

123 1826 225 1902 atque
243 1814 312 1881 ait:
332 1827 340 1856 ‘
358 1815 458 1882 Haec
474 1838 597 1884 manus
614 1829 676 1896 est,
696 1819 795 1897 haec,
813 1841 881 1907 qua
899 1821 1007 1888 modo
1017 1822 1175 1900 vicimus,

261 1923 361 1988 hasta
372 1945 382 1998 ;
1128 1961 1179 2001 120
1251 1956 1254 1958 ’

120 2039 199 2096 utar
215 2029 253 2095 in
269 2031 337 2096 hoc
353 2031 483 2097 isdem:
508 2032 552 2098 sit
566 2032 602 2098 in
623 2033 690 2100 hoc
706 2055 828 2120 precor
844 2034 955 2101 exitus
971 2034 1089 2100 idem.'

122 2139 172 2204 sic
188 2139 294 2215 fatur,
312 2138 546 2228 Cygnumque
563 2140 665 2227 petit3
691 2163 757 2208 nec
772 2141 928 2209 fraxinus
944 2153 1048 2220 errat,

122 2246 227 2334 inque
244 2248 390 2313 humero
406 2248 519 2315 sonuit
535 2270 604 2314 non
620 2249 745 2314 evitata
762 2249 920 2316 sinistro:

123 2353 203 2419 inde
219 2356 318 2420 velut
333 2376 430 2419 muro
447 2354 625 2442 solidaque
642 2376 663 2420 a
680 2365 779 2420 caute
795 2356 933 2442 repulsa
950 2366 1012 2422 est.
1039 2406 1042 2410 ·
1061 2399 1064 2403 -

123 2484 190 2549 qua
206 2471 326 2526 tamen
340 2460 428 2526 ictus
445 2472 531 2537 erat,
549 2462 723 2549 signatum
741 2463 911 2551 sanguine
927 2462 1093 2550 Cygnum
1127 2492 1175 2548 ης

31 2578 36 2589 ’
123 2570 270 2645 viderat,
288 2579 322 2634 et
337 2569 461 2633 frustra
477 2569 588 2634 suerat
604 2568 746 2655 gavisus
761 2567 930 2634 Achilles.

124 2676 249 2743 vulnus
266 2686 340 2741 erat
355 2677 510 2740 nullum:
536 2674 679 2763 sanguis
695 2686 769 2740 erat
784 2675 842 2740 ille
859 2674 1057 2759 Menoetae.

168 2783 263 2848 Tum
279 2804 361 2848 vero
378 2803 545 2869 praeceps
561 2772 664 2847 curru
680 2781 926 2847 fremebundus
942 2782 985 2847 ab
1002 2782 1071 2846 alto

128 2891 248 2968 desilit,
267 2902 301 2956 et
317 2890 423 2956 nitido
441 2908 599 2955 securum
617 2888 774 2954 cominus
791 2888 926 2953 hostem

128 3020 206 3065 ense
222 3010 357 3085 petens,
376 3018 532 3084 parmam
548 2996 665 3084 gladio
683 2995 890 3084 galeamque
902 2994 1023 3059 cavari
1128 3027 1178 3080 130

129 3105 244 3183 cernit,
263 3116 299 3171 at
313 3104 350 3171 in
366 3106 451 3171 duro
467 3104 558 3170 laedi
574 3124 711 3191 quoque
728 3121 871 3185 corpore
887 3100 1027 3165 serrum.

130 3212 218 3279 haud
234 3213 310 3278 tulit
325 3203 479 3289 ulterius,
497 3211 678 3298 clipeoque
696 3208 842 3273 adversa
858 3217 986 3273 retecto

130 3330 178 3385 ter
191 3332 312 3407 quater
326 3342 388 3386 ora
403 3318 466 3385 viri
483 3329 516 3383 et
532 3320 656 3404 capulo
672 3339 759 3383 cava
776 3326 930 3402 tempora
947 3315 1079 3401 pulsat3
1135 3308 1139 3317 ’

133 3426 328 3514 cedentique
345 3447 493 3513 sequens
508 3425 623 3501 instat,
640 3427 836 3511 turbatque,
855 3422 1003 3509 ruitque,

134 3535 333 3621 attonitoque
350 3543 456 3621 negat
471 3532 637 3619 requiem.
686 3532 799 3598 Pavor
815 3542 961 3617 occupat
977 3530 1095 3593 illurn:
1128 3562 1139 3599 1
1144 3559 1176 3613 ³5

136 3651 206 3705 ante
221 3642 407 3727 oculosque
424 3649 542 3703 natant
557 3640 733 3715 tenebrae,
751 3651 907 3725 retroque
924 3637 1046 3703 ferenti

137 3765 265 3813 aversos
281 3769 405 3834 passus
421 3746 534 3812 medio
550 3746 639 3829 lapis
655 3745 781 3810 obstitit
798 3767 892 3811 arvo.

89 3936 94 3943 Ι
136 3873 229 3937 quem
246 3875 350 3940 super
366 3853 550 3939 impulsum
567 3850 729 3935 resupino
745 3860 881 3936 pectore
897 3849 1063 3937 Cygnum

83 3952 89 3957 ’
135 3957 168 4022 vi
182 3961 284 4025 multa
299 3958 411 4035 vertit,
428 3968 606 4042 terraeque
623 3955 755 4021 adflixit
770 3954 936 4019 Achilles.
