2709 4325
181 235 247 308 104
470 215 542 284 Tae
564 216 684 285 Deatb
708 222 757 305 (γ’
774 217 946 307 Orpheus.
1090 233 1236 306 [Murum

371 495 472 563 XVI.
505 496 590 562 Tua
614 498 753 564 Dunru
776 517 823 564 ou
846 498 1035 564 Ouruuus.

547 693 651 764 [Boou
669 693 871 766 XI.-1-84.]

233 867 329 922 Srruu
347 865 501 938 lamenting
519 863 548 918 in
566 862 688 918 solitude
705 862 749 917 for
760 863 807 917 his
820 863 876 918 lost
893 865 1041 937 Eurydice,
1056 864 1189 934 Orpheus
1209 865 1236 919 is

178 953 300 1007 assailed
321 953 350 1006 in
370 970 388 1007 a
411 952 505 1024 frenzy
525 951 564 1024 by
584 951 632 1006 the
650 966 760 1005 women
779 949 813 1004 of
827 951 944 1019 Thrace,
965 951 1029 1005 who
1046 959 1108 1005 tear
1126 951 1186 1004 him
1206 953 1236 1005 in

177 1040 289 1109 pleces;
309 1057 342 1094 so
356 1040 417 1095 that
429 1040 509 1094 while
527 1037 573 1094 his
592 1036 668 1109 body
681 1037 705 1091 is
723 1036 812 1093 borne
830 1054 906 1107 upon
924 1037 972 1094 the
992 1037 1115 1105 Hebrus,
1129 1039 1188 1093 aud
1205 1047 1236 1092 to

178 1128 225 1180 the
238 1126 289 1181 isle
302 1127 335 1181 of
350 1127 466 1193 Lesbos,
480 1127 524 1180 his
537 1124 625 1180 shade
638 1125 768 1195 securely
784 1124 861 1196 joins
874 1125 935 1180 that
951 1123 983 1178 of
998 1124 1043 1178 his
1056 1124 1119 1180 wife
1138 1125 1167 1179 in
1186 1124 1236 1179 the

180 1213 297 1285 Elysiau
316 1214 340 1266 F
341 1213 411 1268 ields
429 1214 493 1282 (XI.
509 1211 586 1281 1-66)
596 1231 604 1277 ;
623 1211 671 1266 the
690 1228 799 1265 women
812 1212 874 1265 who
892 1211 948 1265 had
965 1211 1070 1266 caused
1087 1212 1132 1265 his
1149 1211 1236 1266 death

178 1297 263 1370 being
275 1300 313 1371 by
324 1299 453 1354 Bacchus
466 1299 593 1372 changed
606 1306 636 1354 to
648 1307 723 1353 trees
739 1297 868 1368 (67-84).
949 1333 955 1342 ·

183 1469 454 1614 CARMINE
478 1471 560 1538 dum
576 1470 635 1537 tali
651 1469 757 1536 silvas
774 1467 976 1556 animosque
991 1469 1142 1537 ferarum

164 1567 168 1574 ’
275 1577 458 1645 Threicius
476 1588 571 1644 vates
586 1587 620 1644 et
635 1597 721 1642 saxa
738 1575 917 1662 sequentia
932 1576 1040 1652 ducit,

181 1705 263 1751 ecce
279 1706 385 1751 nurus
402 1682 585 1759 Ciconum,
602 1693 712 1750 tectae
727 1682 908 1770 lymphata
923 1681 1042 1748 ferinis

178 1802 319 1878 pectora
335 1790 532 1868 velleribus,
550 1789 672 1857 tumuli
689 1789 733 1856 de
748 1787 877 1855 vertice
894 1799 1038 1854 cernunt

180 1897 336 1984 Orphea,
354 1897 525 1984 percussis
541 1896 729 1964 sociantem
745 1893 900 1960 carmina
914 1894 1039 1960 nervis
1220 1925 1237 1984 ς

178 2004 337 2090 equibus
353 2025 436 2081 uua,
455 2003 567 2070 levem
580 2003 710 2092 jactato
726 2001 821 2068 crine
837 2020 901 2086 per
916 2020 1051 2076 auram,

180 2109 282 2187 ‘Em'
298 2109 345 2177 ait
362 2120 431 2179 ‘en
447 2109 505 2176 hic
519 2119 572 2179 est
587 2109 693 2177 nostri
709 2118 922 2194 contemptor
934 2105 961 2173 l'
975 2118 1010 2174 et
1026 2108 1163 2176 hastam

177 2216 265 2285 vatis
282 2198 457 2304 Apollinei
473 2216 606 2285 vocalia
623 2217 714 2283 misit
729 2216 764 2281 in
781 2236 864 2283 orae

177 2344 267 2413 quae
284 2323 374 2389 loliis
389 2334 550 2410 praesuta
565 2334 682 2391 notam
697 2323 773 2389 siue
788 2323 931 2389 vulnere
946 2322 1039 2389 fecit.

223 2428 375 2499 Alterius
391 2430 497 2496 telum
513 2430 600 2516 lapis
617 2439 681 2505 est,
698 2427 756 2517 qui
774 2429 911 2507 missus,
928 2429 1057 2518 inipso
1203 2463 1238 2505 10

179 2541 259 2602 aere
275 2534 443 2603 concentu
460 2536 576 2631 victus¹
585 2536 749 2622 vocisque
764 2536 930 2639 lyraeque
947 2548 1010 2615 est,

181 2663 224 2708 ac
239 2642 343 2717 veluti
359 2642 507 2728 supplex
522 2652 669 2728 protam
686 2642 867 2710 furialibus
882 2646 977 2713 ausis

181 2759 259 2814 ante
275 2749 381 2834 pedes
394 2748 514 2836 jacuit.
562 2746 634 2815 Sed
649 2748 742 2814 enim
757 2751 941 2818 temeraria
954 2764 1115 2827 crescunt

177 2854 283 2931 bella,
302 2856 490 2941 modusque
507 2853 601 2930 abiit,
618 2853 810 2945 insanaque
826 2872 950 2951 regnat
965 2861 1106 2950 Erinys.

222 2960 425 3047 Cunctaque
441 2962 509 3061 tela
525 2960 635 3026 forent
651 2973 755 3029 cantu
771 2968 922 3045 mollita3
946 2969 1009 3035 sed
1024 2968 1151 3057 ingens
1201 3002 1234 3059 15
1284 2970 1287 2973 ’

177 3066 308 3131 clamor
324 3076 357 3131 et
373 3065 516 3132 infracto
533 3066 741 3156 Berecyntia
757 3072 839 3140 tibia
855 3095 976 3151 cornu,

175 3183 409 3260 tympanaque
425 3182 458 3239 et
473 3174 614 3259 plausus
629 3187 664 3241 et
678 3175 831 3245 Bacchei
848 3181 998 3247 ululatus

176 3277 396 3364 obstrepuere
412 3300 497 3345 sono
513 3279 678 3349 citharae.
726 3285 819 3352 Tum
835 3286 984 3373 denique
999 3306 1086 3353 saxa

176 3405 245 3450 non
261 3384 413 3451 exauditi
429 3388 619 3454 rubuerunt
634 3391 805 3479 sanguine
821 3392 920 3457 vatis.

176 3510 218 3555 ac
234 3490 381 3577 primurn
398 3484 557 3560 attonitas
574 3494 764 3561 etiamnum
780 3518 865 3562 voce
881 3497 1037 3564 canentis
1196 3531 1233 3571 20

175 3595 373 3664 innumeras
389 3600 561 3675 volucres,
579 3622 781 3688 anguesque
798 3621 994 3690 agmenque
1009 3602 1177 3683 ferarum,

176 3700 369 3771 Maenades
386 3703 518 3791 Orphei
535 3706 668 3771 titulum
686 3727 832 3792 rapuere
847 3708 1020 3794 triumphi.

220 3810 305 3878 Inde
322 3812 508 3878 cruentatis
523 3822 702 3877 vertuntur
716 3813 753 3877 in
769 3812 912 3900 Orphea
927 3815 1068 3893 dextris,

175 3928 209 3985 et
225 3924 348 3986 coeunt
363 3928 401 3984 ut
417 3940 513 3994 aves,
530 3916 559 3983 si
576 3920 715 4005 quando
731 3919 808 3985 luce
823 3932 1010 4010 vagantem
