2709 4325
115 261 263 346 1.1‚116.]'
442 255 615 342 Penelope
638 263 671 320 to
704 251 853 340 Ulysses.
1101 247 1162 336 165

115 451 220 540 Atque
238 452 325 518 alios
342 452 503 528 referam,
522 473 608 538 quos
624 472 745 516 omnes
760 447 902 534 turpiter
919 450 1043 514 absens

151 557 229 646 Ipse
245 570 304 624 tuo
320 558 428 644 partis
445 557 614 644 sanguine
631 557 734 624 rebus
751 554 836 622 alis?

113 664 181 730 Irus
198 687 308 754 egens
324 663 527 750 pecorisque
543 662 758 727 Melanthius
776 672 870 728 actor
886 662 1012 729 edendi
1130 693 1163 752 93

152 771 303 838 Ultimus
321 757 490 835 accedunt
505 769 540 833 in
556 779 615 833 tua
633 755 761 834 damna
777 769 901 854 pudor.

113 877 194 944 Tres
210 899 330 943 sumus
346 877 490 942 inbelles
506 881 662 956 onmem,
682 876 756 941 sine
773 875 902 941 viribus
920 898 1020 953 uxor,

152 984 364 1071 Laertesque
382 1004 502 1058 senex,
520 983 822 1068 Telemachusque
841 1005 939 1068 puer.

16 1103 17 1114 ¹
112 1089 168 1156 Ille
185 1113 247 1177 per
263 1090 406 1157 insidias
423 1103 534 1175 paene
551 1099 602 1154 est
618 1088 702 1152 mihi
719 1111 829 1174 nuper
847 1091 1041 1173 ademptum

152 1197 244 1263 Dum
262 1208 362 1283 parat
377 1196 491 1261 invitis
507 1196 666 1261 omnibus
683 1196 733 1261 ire
750 1195 876 1283 Pylon.
1114 1226 1163 1265 100

113 1304 165 1380 Di,
184 1326 319 1390 precor,
339 1305 406 1369 hoc
417 1303 573 1391 jubeant,
590 1313 628 1370 ut
644 1303 803 1370 euntibus
820 1302 940 1372 ordine
956 1301 1034 1366 satis

152 1411 215 1476 Ille
232 1433 328 1476 meos
345 1411 463 1476 oculos
481 1409 698 1495 comprimat,
717 1410 775 1475 ille
791 1420 881 1475 tuos,

113 1517 200 1583 Hinc
216 1518 347 1583 faciunt
363 1529 545 1604 custosque
562 1519 667 1582 boum
683 1517 925 1604 longaevaque
941 1514 1070 1590 nutrix,

151 1624 290 1690 Tertius
306 1624 505 1690 immundae
522 1645 605 1688 cura
622 1624 734 1689 fidelis
751 1625 870 1688 harae.

112 1729 178 1796 Sed
194 1750 307 1817 neque
323 1729 482 1806 Laertes,
499 1741 537 1794 ut
552 1729 611 1817 qui
627 1730 670 1794 sit
686 1729 814 1796 inutilis
831 1729 948 1806 armis,
1074 1746 1077 1749 '
1113 1757 1161 1813 105

153 1837 318 1902 Hostibus
335 1837 370 1901 in
389 1837 509 1902 mediis
527 1857 636 1924 regna
652 1847 770 1901 tenere
786 1847 908 1922 potest.

16 1933 17 1950 ¹
111 1943 320 2012 Telemacho
336 1943 463 2019 veniet,
480 1943 574 2008 vivat
590 1943 706 2018 modo,
728 1942 845 2008 sortior
860 1954 975 2006 aetase

151 2049 257 2116 Nunc
273 2060 346 2115 erat
362 2050 499 2115 auxiliis
515 2050 575 2114 illa
591 2050 718 2114 tuenda
736 2049 854 2135 patris.

110 2156 184 2224 Nec
200 2158 285 2222 mihi
303 2168 382 2223 sunt
396 2157 487 2223 vires
503 2155 660 2222 inimicos
678 2157 809 2243 pellere
825 2155 943 2222 tectis:

150 2265 207 2330 Tu
224 2264 323 2330 citius
339 2264 471 2340 venias,
490 2275 608 2349 portus
624 2274 657 2349 et
674 2284 758 2328 aura
775 2264 853 2329 tuis.
1113 2276 1162 2334 1'10

110 2370 169 2437 Est
184 2371 257 2447 tibi,
277 2371 400 2457 sitque,
419 2390 553 2455 precor,
573 2380 713 2456 gnatus,
731 2370 790 2455 qui
806 2370 966 2436 mollibus
984 2369 1083 2435 annis

152 2477 193 2542 In
210 2477 338 2564 patrias
355 2488 445 2543 artes
462 2475 670 2541 erudiendus
690 2486 773 2540 erat.

111 2583 261 2670 Respice
276 2582 440 2659 Laerten,
458 2593 496 2647 ut
507 2582 581 2671 jam
596 2602 660 2647 sua
677 2582 808 2646 lumina
825 2582 968 2658 condas,

154 2690 357 2756 Extremum
373 2690 432 2755 lati
449 2690 592 2755 sustinet
607 2688 665 2753 ille
682 2689 788 2753 diem.

113 2794 211 2862 Certe
227 2818 307 2885 eg0‚
326 2817 415 2884 quae
430 2796 564 2861 sueram
580 2805 613 2859 te
630 2794 830 2860 discedente
846 2795 976 2880 puella,
1113 2827 1141 2865 11
1146 2825 1160 2880 ς

155 2902 313 2971 Protinus
329 2914 366 2971 ut
379 2903 511 2981 venias,
529 2902 620 2968 sacta
635 2900 778 2967 videbor
794 2921 893 2968 unus.
