2709 4325
148 213 214 281 180
504 215 672 283 ·Shorter'
694 215 830 281 Poems.
910 277 914 282 ,
1057 229 1213 301 [Tarsus.

144 408 292 478 Armini
305 411 377 500 jam
395 433 501 498 puero
518 412 680 478 caelestia
695 431 795 477 sacra
812 407 1008 494 placebant,

152 549 154 553 ·
190 515 298 603 Inque
314 540 414 584 suum
431 519 545 584 furtim
563 517 668 584 Musa
684 517 843 582 trahebat
858 536 957 599 opus.
1167 549 1202 588 20

145 620 259 708 Saepe
276 636 372 709 pater
388 625 474 690 dixit
492 635 500 664 ‘
518 622 676 688 Studium
695 622 776 708 quid
793 621 912 687 inutile
928 621 1099 708 temptas?

189 727 393 794 Maeonides
410 731 523 794 nullas
539 730 612 814 ipse
630 727 769 812 reliquit
782 727 892 811 opes)

144 833 261 900 Motus
278 856 372 902 eram
389 835 501 910 dictis,
519 845 656 920 totoque
675 832 846 900 Helicone
864 834 985 900 relicto
1040 867 1044 872 ·

189 939 349 1005 Scribere
366 941 516 1008 conabar
531 941 638 1006 verba
653 939 764 1006 soluta
781 940 906 1007 modis.

144 1044 275 1130 Sponte
291 1067 354 1116 sus
371 1065 688 1134 carmennumeros
706 1045 868 1112 veniebat
884 1048 929 1117 ad
945 1057 1056 1134 aptos,

188 1146 232 1211 Et
247 1148 339 1234 quod
355 1149 563 1233 temptabam
581 1146 708 1222 dicere,
730 1169 850 1218 versus
867 1160 951 1218 erat.

144 1251 280 1320 Interea
295 1253 396 1326 tacito
412 1273 517 1338 passu
534 1253 730 1322 labentibus
747 1257 847 1322 annis

188 1356 347 1423 Liberior
363 1358 456 1423 fratri
474 1368 608 1442 sumpta
627 1361 780 1448 mihique
797 1373 879 1450 toga
895 1370 959 1439 est,

144 1464 368 1552 Induiturque
384 1463 536 1536 humeris
552 1486 631 1532 cum
648 1468 718 1532 lato
734 1490 885 1554 purpura
902 1471 1012 1548 clavo,
1103 1514 1106 1520 -

188 1572 233 1637 Et
248 1571 398 1639 studium
414 1570 512 1640 nobis
527 1573 620 1658 quod
637 1573 699 1642 suit
716 1586 806 1649 ante,
826 1587 952 1640 manet.

139 1679 288 1768 Jamque
304 1678 426 1744 decem
442 1677 532 1742 vitae
549 1677 653 1743 frater
670 1681 908 1767 geminaverat
924 1704 1044 1760 annos,

187 1785 278 1850 Cum
296 1783 394 1869 perit,
414 1795 447 1848 et
464 1785 561 1869 coepi
578 1797 674 1870 parte
692 1807 810 1851 carere
827 1787 906 1851 mei.

144 1892 310 1978 Cepimus
326 1903 360 1964 et
376 1902 513 1964 tenerae
530 1891 658 1976 primos
676 1893 795 1966 aetatis
810 1894 972 1970 bonores,

190 1999 312 2085 Deque
328 1998 410 2064 viris
426 1998 599 2085 quondam
617 2021 698 2084 pars
714 1999 820 2064 tribus
835 2021 904 2064 una
920 2000 981 2064 sui.

144 2105 252 2181 Curia
268 2107 437 2183 restabatr
463 2105 552 2171 clavi
570 2127 732 2178 mensura
747 2116 865 2178 coacta
880 2117 953 2179 estr

189 2212 307 2301 Majus
324 2223 398 2287 erat
412 2212 534 2289 nostris
549 2212 678 2280 viribus
695 2213 779 2287 illud
795 2234 894 2284 onus.
1014 2257 1017 2261 -

144 2318 223 2385 Nec
239 2320 372 2404 patiens
388 2340 526 2405 corpus,
545 2338 610 2383 nec
627 2338 724 2386 mens
740 2318 803 2383 suit
819 2330 898 2405 apta
915 2318 1044 2397 labori.-

137 2502 141 2512 ,
193 2425 436 2512 sollicitaeque
451 2425 561 2513 fugax
577 2424 770 2491 ambitionis
787 2444 893 2491 eram.
982 2444 986 2450 ’

145 2532 190 2599 Et
205 2544 321 2618 petere
332 2530 473 2612 Aoniae
490 2531 681 2620 suadebant
696 2541 768 2595 tuta
783 2551 918 2599 sorores
1029 2577 1040 2610 z
1148 2606 1152 2611 .

190 2638 284 2716 Otia,
298 2639 713 2728 judiciosemperamata
730 2658 818 2703 meo.

144 2729 332 2832 Temporis·
345 2746 436 2811 illius
452 2736 543 2813 colui
559 2742 696 2830 fovique
712 2748 844 2828 poetas,

192 2854 516 2941 Qotqueaderant
530 2862 638 2925 vates,
657 2849 757 2914 rebar
773 2851 895 2917 adesse
907 2851 1006 2929 deos.

146 2960 261 3047 Saepe
278 2982 358 3041 suas
378 2958 538 3025 Volucrem
548 2957 632 3045 legit
649 2955 733 3024 mihi
750 2957 914 3045 grandior
930 2978 1039 3035 aevo,.

148 3126 151 3145 ζ
192 3066 362 3155 Quaeque
379 3079 477 3145 necet
494 3086 648 3151 serpens,
668 3083 757 3149 quae
770 3062 867 3149 juvet
884 3064 1004 3140 herba,
1022 3064 1158 3143 Macer.

146 3172 261 3260 Saepe
278 3196 357 3240 suos
374 3175 491 3253 solitus
507 3173 650 3239 recitare
667 3169 864 3255 Propertius
881 3170 993 3258 ignes,
1084 3249 1086 3252 ¹
1125 3216 1129 3221 -
1163 3202 1199 3265 45

187 3281 270 3368 Jure
287 3280 451 3346 sodalicio
467 3280 525 3366 qui
543 3278 625 3343 mihi
638 3278 777 3365 junctus
795 3288 880 3344 erat.

146 3386 309 3474 Ponticus
326 3388 444 3462 heroii,
462 3385 591 3451 Bassus
607 3408 744 3473 quoque
763 3386 878 3452 clarus
894 3383 1018 3453 iambis
1101 3428 1105 3433 -

192 3494 318 3559 Dulcia
335 3492 509 3573 convictus
527 3493 680 3557 membra
698 3492 793 3558 fuere
811 3494 890 3569 mei.

146 3600 190 3667 Et
206 3600 312 3665 tenuit
328 3610 460 3667 nostras
477 3618 679 3679 numerosus
699 3597 860 3665 Horatius
877 3620 998 3678 aures,

192 3708 283 3772 Dum
301 3704 377 3769 serit
392 3702 548 3767 Ausonia
565 3702 720 3778 carmina
736 3706 827 3771 culta
844 3706 933 3793 lyra.
1148 3778 1153 3784 ³
1168 3741 1202 3797 50

145 3812 331 3900 Virgilium
347 3808 417 3875 vidi
433 3818 584 3881 tantum3
610 3828 675 3871 nec
691 3829 809 3874 amara
825 3812 966 3879 Tibullo

191 3918 346 4004 Tempus
363 3912 532 3979 amicitiae
549 3913 617 3976 sata
634 3914 760 3980 dedere
777 3938 889 3991 meae.
