2709 4325
536 229 687 298 Skorter
708 229 844 296 Poems.
1060 247 1219 318 [Auoaas.

547 543 613 609 ΙΙΙ.
660 543 833 611 Amores.

216 743 285 795 Tus
297 741 419 794 Amores
431 737 540 793 consist
552 736 585 792 ol
593 737 670 793 three
679 737 770 815 books
784 737 817 792 of
824 738 904 792 short
915 755 1021 813 poems,
1031 755 1099 810 very
1108 738 1220 792 miscel-

163 827 278 882 laneous
294 827 323 880 in
341 827 414 881 their
432 825 566 896 subjects,
585 825 770 892 sentimental,
784 825 961 894 voluptuous,
978 825 1220 898 compiimentary,

163 932 195 970 or
213 915 350 984 personal.
388 913 484 966 Those
505 913 573 966 here
593 913 676 983 given
697 913 798 965 havea
816 912 921 980 special
943 913 1066 977 interest,
1088 928 1120 964 as
1140 912 1220 964 illus·

162 1001 266 1071 trating
277 1001 324 1054 the
337 1001 427 1070 poet's
439 997 538 1053 earlier
550 997 713 1066 aspiration,
726 997 783 1050 and
800 997 849 1050 the
866 1012 946 1051 more
953 996 1058 1068 playful
1069 1005 1171 1066 aspect
1183 997 1219 1051 of

162 1087 309 1142 hisverse.

365 1313 395 1358 1.
428 1282 505 1359 Tae
522 1292 611 1359 Poet
633 1293 682 1378 of
693 1291 849 1358 Idleness
875 1290 917 1381 (i.
939 1291 1015 1380 15).

246 1499 334 1566 UID
359 1499 455 1576 mihi,
472 1499 580 1566 Livor
596 1500 699 1577 edax,
718 1499 864 1588 ignavos
879 1498 988 1566 obicis
1005 1520 1132 1577 annos,

292 1607 497 1696 Ingeniique
511 1628 616 1673 vocas
633 1629 774 1681 carmen
790 1607 909 1672 inertis
924 1605 1035 1692 opus?

162 1710 244 1777 Non
262 1733 316 1777 me
334 1733 426 1778 more
442 1723 591 1797 patrum,
609 1713 692 1777 dum
709 1723 846 1777 strenua
863 1711 1006 1777 sustinet
1022 1721 1117 1776 aetas

207 1817 365 1884 Praemia
383 1819 521 1883 militiae
539 1820 777 1904 pulverulenta
793 1818 905 1905 sequi,
970 1823 991 1886 ’.

161 1924 239 1990 Nec
256 1947 310 1990 me
325 1927 488 1991 verbosas
505 1926 601 2012 leges
619 1925 786 2000 ediscere,
805 1947 871 1990 nec
887 1946 943 1991 me
1203 1956 1219 2012 ς

207 2030 347 2119 Ingrato
363 2053 483 2096 vocem
500 2031 711 2116 prostituisse
727 2031 813 2097 foro.

162 2137 309 2203 Mortale
326 2148 389 2215 est,
407 2138 499 2225 quod
515 2137 663 2232 quaeris,
682 2159 791 2224 opus:
817 2138 901 2206 mihi
920 2140 1013 2206 fama
1029 2139 1195 2226 perennis

203 2245 405 2331 Quaeritur,
423 2246 459 2309 in
474 2250 544 2311 toto
563 2265 704 2335 semper
714 2257 752 2311 ut
766 2248 850 2313 orbe
866 2268 985 2313 canat.
1073 2258 1077 2263 ’

160 2350 263 2416 Vivet
279 2351 497 2426 Maeonides,
514 2351 677 2417 Tenedos
693 2353 778 2417 dum
794 2354 895 2419 stabit
911 2365 944 2420 et
960 2354 1035 2431 Ide,

206 2458 299 2522 Dum
316 2458 453 2543 rapidas
469 2458 596 2523 Simois
613 2458 648 2522 in
665 2480 761 2525 mare
776 2461 892 2527 volvet
907 2466 1029 2548 aquas.
1185 2496 1218 2535 10

159 2563 263 2629 Vivet
278 2575 312 2629 et
326 2563 514 2641 Ascraeus,
532 2566 615 2630 dum
632 2566 753 2631 mustis
769 2589 835 2632 uva
852 2568 1007 2645 tumebit,

206 2671 298 2735 Dum
316 2672 414 2736 cadet
430 2671 572 2736 incurva
589 2672 678 2737 falce
694 2684 826 2739 resecta
842 2673 964 2741 Ceres.

160 2776 335 2843 Battiades
351 2799 487 2863 semper
504 2789 572 2842 toto
588 2779 781 2844 cantabitur
796 2784 901 2847 orbe:

206 2884 374 2973 Quamvis
391 2885 531 2972 ingenio
547 2908 616 2950 non
632 2888 736 2961 valet,
755 2901 827 2954 arte
843 2890 947 2957 valet.

159 2990 266 3056 anla
283 2990 478 3075 Sophocleo
495 2992 608 3057 veniet
620 2992 756 3081 jactura
774 2998 941 3064 cothurno
951 3019 961 3073 3
1184 3031 1217 3088 ις

204 3096 293 3163 Cum
311 3097 382 3161 sole
394 3108 432 3161 et
448 3097 528 3161 luna
545 3120 682 3185 semper
697 3100 826 3168 Aratus
843 3105 917 3168 erit.

159 3204 250 3268 Dum
269 3204 376 3267 fallax
393 3225 524 3279 servus,
544 3206 649 3273 durus
667 3223 776 3294 pater,
794 3210 950 3295 improba
966 3211 1063 3275 lena·

203 3308 330 3374 Vivent
346 3320 379 3374 et
395 3313 554 3377 meretrix
571 3316 714 3390 blanda,
732 3316 944 3381 Menandros
961 3316 1036 3381 erit.

158 3415 291 3480 Ennius
308 3427 379 3481 arte
396 3438 518 3485 carens
537 3421 750 3507 animosique
762 3419 891 3487 Accius
903 3424 971 3487 oris

204 3521 374 3588 Casurum
393 3526 487 3590 nullo
505 3538 657 3611 tempore
674 3549 799 3591 nomen
817 3529 953 3593 habent.
1181 3536 1217 3603 2‘0

158 3627 350 3693 Varronem
370 3633 584 3718 primamque
601 3644 708 3697 ratem
726 3641 814 3719 quae'
831 3634 961 3699 nesciet
977 3646 1084 3713 aetas,

204 3736 390 3825 Aureaque
408 3737 560 3803 Aesonio
577 3748 674 3825 terga
692 3739 796 3824 petita
812 3738 915 3806 duci?

159 3842 325 3911 Carmina
342 3845 497 3936 sublimis
514 3856 595 3908 tunc
612 3854 691 3909 sunt
707 3846 857 3930 peritura
874 3846 1029 3925 Lucreti,

203 3950 318 4016 Exitio
335 3960 442 4015 terras
459 3969 537 4013 curn
554 3947 648 4013 dabit
663 3968 733 4013 una
750 3949 836 4015 dies.
958 3951 962 3957 ’
