<?xml version="1.0" encoding="UTF-8"?>
<!DOCTYPE html PUBLIC "-//W3C//DTD XHTML 1.0 Transitional//EN"
    "http://www.w3.org/TR/xhtml1/DTD/xhtml1-transitional.dtd">
<html xmlns="http://www.w3.org/1999/xhtml" xml:lang="en" lang="en">
 <head>
  <title>
</title>
<meta http-equiv="Content-Type" content="text/html;charset=utf-8" />
  <meta name='ocr-system' content='tesseract 3.04.00' />
  <meta name='ocr-capabilities' content='ocr_page ocr_carea ocr_par ocr_line ocrx_word'/>
</head>
<body>
  <div class='ocr_page' id='page_1' title='image "./publiovidiinaso01allegoog_0094.png"; bbox 0 0 2709 4325; ppageno 0'>
   <div class='ocr_carea' id='block_1_1' title="bbox 190 228 1244 326">
    <p class='ocr_par' dir='ltr' id='par_1_1' title="bbox 190 228 1244 326">
     <span class='ocr_line' id='line_1_1' title="bbox 190 228 1244 326; baseline 0.009 -31"><span class='ocrx_word' id='word_1_1' title='bbox 190 232 235 317; x_wconf 86' lang='lat'><strong>78</strong></span> <span class='ocrx_word' id='word_1_2' title='bbox 475 230 546 297; x_wconf 71' lang='lat' dir='ltr'><strong>The</strong></span> <span class='ocrx_word' id='word_1_3' title='bbox 568 228 694 318; x_wconf 64' lang='lat' dir='ltr'><strong>Flagrat</strong></span> <span class='ocrx_word' id='word_1_4' title='bbox 716 230 765 317; x_wconf 71' lang='lat' dir='ltr'><strong>(ff</strong></span> <span class='ocrx_word' id='word_1_5' title='bbox 777 230 961 297; x_wconf 77' lang='lat' dir='ltr'><strong>Daedalus.</strong></span> <span class='ocrx_word' id='word_1_6' title='bbox 1017 318 1021 326; x_wconf 34' lang='grc' dir='ltr'>Ι</span> <span class='ocrx_word' id='word_1_7' title='bbox 1095 249 1244 321; x_wconf 65' lang='lat' dir='ltr'><strong>[Morsu.</strong></span> 
     </span>
    </p>
   </div>
   <div class='ocr_carea' id='block_1_2' title="bbox 130 427 1248 4028">
    <p class='ocr_par' dir='ltr' id='par_1_2' title="bbox 130 427 1248 4028">
     <span class='ocr_line' id='line_1_2' title="bbox 130 427 1245 517; baseline 0.003 -23"><span class='ocrx_word' id='word_1_8' title='bbox 130 502 134 507; x_wconf 51' lang='grc'><strong>,</strong></span> <span class='ocrx_word' id='word_1_9' title='bbox 191 429 292 495; x_wconf 89' lang='lat' dir='ltr'><strong>altius</strong></span> <span class='ocrx_word' id='word_1_10' title='bbox 308 428 380 517; x_wconf 85' lang='lat' dir='ltr'><strong>egit</strong></span> <span class='ocrx_word' id='word_1_11' title='bbox 395 428 471 493; x_wconf 87' lang='lat' dir='ltr'><strong>iter.</strong></span> <span class='ocrx_word' id='word_1_12' title='bbox 520 427 650 513; x_wconf 85' lang='lat' dir='ltr'><strong>Rapidi</strong></span> <span class='ocrx_word' id='word_1_13' title='bbox 666 427 794 492; x_wconf 88' lang='lat' dir='ltr'><strong>vicinia</strong></span> <span class='ocrx_word' id='word_1_14' title='bbox 811 428 892 493; x_wconf 91' lang='lat' dir='ltr'><strong>solis</strong></span> <span class='ocrx_word' id='word_1_15' title='bbox 1158 432 1245 513; x_wconf 76' lang='lat'><strong>&#39;225</strong></span> 
     </span>
     <span class='ocr_line' id='line_1_3' title="bbox 191 533 995 620; baseline 0 -21"><span class='ocrx_word' id='word_1_16' title='bbox 191 536 300 601; x_wconf 92' lang='lat' dir='ltr'><strong>mollit</strong></span> <span class='ocrx_word' id='word_1_17' title='bbox 315 535 487 611; x_wconf 89' lang='lat' dir='ltr'><strong>odoratas,</strong></span> <span class='ocrx_word' id='word_1_18' title='bbox 505 554 699 620; x_wconf 89' lang='lat' dir='ltr'><strong>pennarum</strong></span> <span class='ocrx_word' id='word_1_19' title='bbox 713 533 866 609; x_wconf 88' lang='lat' dir='ltr'><strong>vincula,</strong></span> <span class='ocrx_word' id='word_1_20' title='bbox 885 554 995 599; x_wconf 86' lang='lat' dir='ltr'><strong>ceras.</strong></span> 
     </span>
     <span class='ocr_line' id='line_1_4' title="bbox 189 639 1017 737; baseline -0.002 -31"><span class='ocrx_word' id='word_1_21' title='bbox 189 642 370 706; x_wconf 82' lang='lat' dir='ltr'><strong>tabuerant</strong></span> <span class='ocrx_word' id='word_1_22' title='bbox 386 663 506 706; x_wconf 86' lang='lat' dir='ltr'><strong>cerae:</strong></span> <span class='ocrx_word' id='word_1_23' title='bbox 532 642 642 737; x_wconf 84' lang='lat' dir='ltr'><strong>nudos</strong></span> <span class='ocrx_word' id='word_1_24' title='bbox 658 639 767 726; x_wconf 90' lang='lat' dir='ltr'><strong>quatit</strong></span> <span class='ocrx_word' id='word_1_25' title='bbox 783 640 840 705; x_wconf 93' lang='lat' dir='ltr'><strong>ille</strong></span> <span class='ocrx_word' id='word_1_26' title='bbox 857 641 1017 716; x_wconf 86' lang='lat' dir='ltr'><strong>lacertos,</strong></span> 
     </span>
     <span class='ocr_line' id='line_1_5' title="bbox 176 746 1024 833; baseline -0.002 -22"><span class='ocrx_word' id='word_1_27' title='bbox 176 746 404 833; x_wconf 17' lang='lat' dir='ltr'><strong>*remigioque</strong></span> <span class='ocrx_word' id='word_1_28' title='bbox 421 768 543 811; x_wconf 87' lang='lat' dir='ltr'><strong>carens</strong></span> <span class='ocrx_word' id='word_1_29' title='bbox 558 768 628 811; x_wconf 91' lang='lat' dir='ltr'><strong>non</strong></span> <span class='ocrx_word' id='word_1_30' title='bbox 645 746 734 810; x_wconf 88' lang='lat' dir='ltr'><strong>ullas</strong></span> <span class='ocrx_word' id='word_1_31' title='bbox 750 746 896 831; x_wconf 81' lang='lat' dir='ltr'><strong>percipit</strong></span> <span class='ocrx_word' id='word_1_32' title='bbox 905 767 1024 811; x_wconf 83' lang='lat' dir='ltr'><strong>auras.</strong></span> 
     </span>
     <span class='ocr_line' id='line_1_6' title="bbox 177 838 1077 940; baseline -0.009 -19"><span class='ocrx_word' id='word_1_33' title='bbox 177 838 320 940; x_wconf 67' lang='lat' dir='ltr'><strong>&#39;oraque</strong></span> <span class='ocrx_word' id='word_1_34' title='bbox 337 851 497 919; x_wconf 68' lang='lat' dir='ltr'><strong>caerulea</strong></span> <span class='ocrx_word' id='word_1_35' title='bbox 513 853 661 939; x_wconf 87' lang='lat' dir='ltr'><strong>patrium</strong></span> <span class='ocrx_word' id='word_1_36' title='bbox 680 852 863 917; x_wconf 89' lang='lat' dir='ltr'><strong>clamantia</strong></span> <span class='ocrx_word' id='word_1_37' title='bbox 878 872 1005 917; x_wconf 89' lang='lat' dir='ltr'><strong>nomen</strong></span> <span class='ocrx_word' id='word_1_38' title='bbox 1072 905 1077 913; x_wconf 90' lang='lat'>.</span> 
     </span>
     <span class='ocr_line' id='line_1_7' title="bbox 191 958 1245 1046; baseline -0.007 -19"><span class='ocrx_word' id='word_1_39' title='bbox 191 960 407 1046; x_wconf 90' lang='lat' dir='ltr'><strong>excipiuntur</strong></span> <span class='ocrx_word' id='word_1_40' title='bbox 424 980 526 1046; x_wconf 87' lang='lat' dir='ltr'><strong>aqua,</strong></span> <span class='ocrx_word' id='word_1_41' title='bbox 544 978 633 1046; x_wconf 89' lang='lat' dir='ltr'><strong>quae</strong></span> <span class='ocrx_word' id='word_1_42' title='bbox 649 966 776 1024; x_wconf 83' lang='lat' dir='ltr'><strong>nome&#39;n</strong></span> <span class='ocrx_word' id='word_1_43' title='bbox 791 958 894 1023; x_wconf 80' lang='lat' dir='ltr'><strong>traxit</strong></span> <span class='ocrx_word' id='word_1_44' title='bbox 910 959 954 1023; x_wconf 87' lang='lat' dir='ltr'><strong>ab</strong></span> <span class='ocrx_word' id='word_1_45' title='bbox 969 958 1041 1027; x_wconf 87' lang='lat' dir='ltr'><strong>illo.</strong></span> <span class='ocrx_word' id='word_1_46' title='bbox 1098 1012 1101 1020; x_wconf 32' lang='lat' dir='ltr'><strong><em>f</em></strong></span> <span class='ocrx_word' id='word_1_47' title='bbox 1191 989 1245 1044; x_wconf 62' lang='lat'><strong>23⁰</strong></span> 
     </span>
     <span class='ocr_line' id='line_1_8' title="bbox 191 1064 1105 1154; baseline -0.004 -21"><span class='ocrx_word' id='word_1_48' title='bbox 191 1078 225 1133; x_wconf 88' lang='lat' dir='ltr'><strong>at</strong></span> <span class='ocrx_word' id='word_1_49' title='bbox 241 1077 337 1153; x_wconf 89' lang='lat' dir='ltr'><strong>pater</strong></span> <span class='ocrx_word' id='word_1_50' title='bbox 353 1066 485 1142; x_wconf 84' lang='lat' dir='ltr'><strong>infelix,</strong></span> <span class='ocrx_word' id='word_1_51' title='bbox 504 1077 569 1130; x_wconf 86' lang='lat' dir='ltr'><strong>nec</strong></span> <span class='ocrx_word' id='word_1_52' title='bbox 581 1064 653 1154; x_wconf 85' lang='lat' dir='ltr'><strong>jam</strong></span> <span class='ocrx_word' id='word_1_53' title='bbox 670 1076 780 1151; x_wconf 88' lang='lat' dir='ltr'><strong>pater,</strong></span> <span class='ocrx_word' id='word_1_54' title='bbox 800 1064 945 1141; x_wconf 82' lang='lat' dir='ltr'><strong>‘Icare‚’</strong></span> <span class='ocrx_word' id='word_1_55' title='bbox 962 1064 1060 1142; x_wconf 84' lang='lat' dir='ltr'>dixit,</span> <span class='ocrx_word' id='word_1_56' title='bbox 1101 1069 1105 1077; x_wconf 83' lang='grc'><em>“</em></span> 
     </span>
     <span class='ocr_line' id='line_1_9' title="bbox 191 1169 1143 1258; baseline 0.001 -22"><span class='ocrx_word' id='word_1_57' title='bbox 191 1172 338 1248; x_wconf 86' lang='lat' dir='ltr'><strong>‘lcare‚’</strong></span> <span class='ocrx_word' id='word_1_58' title='bbox 355 1172 440 1237; x_wconf 88' lang='lat' dir='ltr'><strong>dixit</strong></span> <span class='ocrx_word' id='word_1_59' title='bbox 458 1172 538 1236; x_wconf 86' lang='lat' dir='ltr'><strong>‘ubi</strong></span> <span class='ocrx_word' id='word_1_60' title='bbox 555 1170 614 1237; x_wconf 86' lang='lat' dir='ltr'><strong>es?</strong></span> <span class='ocrx_word' id='word_1_61' title='bbox 636 1183 756 1257; x_wconf 88' lang='lat' dir='ltr'><strong>quate</strong></span> <span class='ocrx_word' id='word_1_62' title='bbox 772 1171 914 1257; x_wconf 85' lang='lat' dir='ltr'>regione</span> <span class='ocrx_word' id='word_1_63' title='bbox 930 1169 1143 1258; x_wconf 81' lang='lat' dir='ltr'><strong>requiram?’</strong></span> 
     </span>
     <span class='ocr_line' id='line_1_10' title="bbox 191 1274 985 1364; baseline -0.004 -22"><span class='ocrx_word' id='word_1_64' title='bbox 191 1278 332 1344; x_wconf 81' lang='lat' dir='ltr'><strong>‘Icare’</strong></span> <span class='ocrx_word' id='word_1_65' title='bbox 350 1278 495 1353; x_wconf 88' lang='lat' dir='ltr'><strong>dicebat,</strong></span> <span class='ocrx_word' id='word_1_66' title='bbox 513 1296 645 1363; x_wconf 87' lang='lat' dir='ltr'><strong>pennas</strong></span> <span class='ocrx_word' id='word_1_67' title='bbox 662 1274 848 1364; x_wconf 83' lang='lat' dir='ltr'><strong>aspexitin</strong></span> <span class='ocrx_word' id='word_1_68' title='bbox 862 1276 985 1342; x_wconf 87' lang='lat' dir='ltr'><strong>undis:</strong></span> 
     </span>
     <span class='ocr_line' id='line_1_11' title="bbox 190 1384 1022 1473; baseline -0.002 -23"><span class='ocrx_word' id='word_1_69' title='bbox 190 1384 394 1473; x_wconf 86' lang='lat' dir='ltr'><strong>devovitque</strong></span> <span class='ocrx_word' id='word_1_70' title='bbox 410 1404 491 1449; x_wconf 89' lang='lat' dir='ltr'><strong>suas</strong></span> <span class='ocrx_word' id='word_1_71' title='bbox 509 1394 611 1460; x_wconf 87' lang='lat' dir='ltr'><strong>artes,</strong></span> <span class='ocrx_word' id='word_1_72' title='bbox 629 1402 821 1469; x_wconf 81' lang='lat' dir='ltr'>corpusque</span> <span class='ocrx_word' id='word_1_73' title='bbox 838 1384 1022 1469; x_wconf 86' lang='lat' dir='ltr'><strong>sepulchro</strong></span> 
     </span>
     <span class='ocr_line' id='line_1_12' title="bbox 189 1489 1243 1578; baseline -0.004 -21"><span class='ocrx_word' id='word_1_74' title='bbox 189 1490 353 1567; x_wconf 89' lang='lat' dir='ltr'><strong>condidit,</strong></span> <span class='ocrx_word' id='word_1_75' title='bbox 372 1501 406 1555; x_wconf 90' lang='lat' dir='ltr'><strong>et</strong></span> <span class='ocrx_word' id='word_1_76' title='bbox 419 1490 520 1555; x_wconf 84' lang='lat' dir='ltr'><strong>tellus</strong></span> <span class='ocrx_word' id='word_1_77' title='bbox 537 1511 557 1554; x_wconf 91' lang='lat' dir='ltr'><strong>a</strong></span> <span class='ocrx_word' id='word_1_78' title='bbox 574 1490 713 1555; x_wconf 89' lang='lat' dir='ltr'><strong>nomine</strong></span> <span class='ocrx_word' id='word_1_79' title='bbox 729 1489 819 1555; x_wconf 86' lang='lat' dir='ltr'><strong>dicta</strong></span> <span class='ocrx_word' id='word_1_80' title='bbox 836 1490 975 1575; x_wconf 81' lang='lat' dir='ltr'><strong>sepulti.</strong></span> <span class='ocrx_word' id='word_1_81' title='bbox 1010 1538 1015 1547; x_wconf 88' lang='lat'>.</span> <span class='ocrx_word' id='word_1_82' title='bbox 1191 1522 1243 1578; x_wconf 80' lang='lat'><strong>235</strong></span> 
     </span>
     <span class='ocr_line' id='line_1_13' title="bbox 236 1583 1070 1681; baseline 0.002 -20"><span class='ocrx_word' id='word_1_83' title='bbox 236 1598 341 1662; x_wconf 90' lang='lat' dir='ltr'><strong>Hunc</strong></span> <span class='ocrx_word' id='word_1_84' title='bbox 358 1597 472 1663; x_wconf 84' lang='lat' dir='ltr'><strong>miseri</strong></span> <span class='ocrx_word' id='word_1_85' title='bbox 488 1598 620 1662; x_wconf 90' lang='lat' dir='ltr'><strong>tumulo</strong></span> <span class='ocrx_word' id='word_1_86' title='bbox 637 1607 820 1681; x_wconf 82' lang='lat' dir='ltr'><strong>ponentem</strong></span> <span class='ocrx_word' id='word_1_87' title='bbox 838 1583 982 1681; x_wconf 80' lang='lat' dir='ltr'><strong>corpora</strong></span> <span class='ocrx_word' id='word_1_88' title='bbox 998 1596 1070 1663; x_wconf 84' lang='lat' dir='ltr'><strong>nati</strong></span> 
     </span>
     <span class='ocr_line' id='line_1_14' title="bbox 189 1703 1081 1793; baseline -0.001 -24"><span class='ocrx_word' id='word_1_89' title='bbox 189 1705 330 1793; x_wconf 84' lang='lat' dir='ltr'><strong>garrula</strong></span> <span class='ocrx_word' id='word_1_90' title='bbox 346 1704 467 1769; x_wconf 91' lang='lat' dir='ltr'><strong>limoso</strong></span> <span class='ocrx_word' id='word_1_91' title='bbox 483 1704 659 1789; x_wconf 74' lang='lat' dir='ltr'><strong>prospexit</strong></span> <span class='ocrx_word' id='word_1_92' title='bbox 675 1704 719 1768; x_wconf 88' lang='lat' dir='ltr'><strong>ab</strong></span> <span class='ocrx_word' id='word_1_93' title='bbox 736 1704 822 1769; x_wconf 88' lang='lat' dir='ltr'><strong>elice</strong></span> <span class='ocrx_word' id='word_1_94' title='bbox 834 1703 993 1789; x_wconf 78' lang='lat' dir='ltr'><strong>perdix,¹</strong></span> <span class='ocrx_word' id='word_1_95' title='bbox 1076 1704 1081 1713; x_wconf 79' lang='grc'><strong>’</strong></span> 
     </span>
     <span class='ocr_line' id='line_1_15' title="bbox 189 1810 1077 1897; baseline -0.003 -20"><span class='ocrx_word' id='word_1_96' title='bbox 189 1823 223 1877; x_wconf 89' lang='lat' dir='ltr'><strong>et</strong></span> <span class='ocrx_word' id='word_1_97' title='bbox 238 1810 364 1896; x_wconf 84' lang='lat' dir='ltr'><strong>plausit</strong></span> <span class='ocrx_word' id='word_1_98' title='bbox 380 1810 514 1896; x_wconf 90' lang='lat' dir='ltr'><strong>pennis,</strong></span> <span class='ocrx_word' id='word_1_99' title='bbox 532 1821 722 1896; x_wconf 87' lang='lat' dir='ltr'><strong>testataque</strong></span> <span class='ocrx_word' id='word_1_100' title='bbox 738 1810 867 1897; x_wconf 83' lang='lat' dir='ltr'><strong>gaudia</strong></span> <span class='ocrx_word' id='word_1_101' title='bbox 883 1820 987 1876; x_wconf 87' lang='lat' dir='ltr'><strong>cantu</strong></span> <span class='ocrx_word' id='word_1_102' title='bbox 1003 1820 1077 1876; x_wconf 72' lang='lat' dir='ltr'><strong>esta</strong></span> 
     </span>
     <span class='ocr_line' id='line_1_16' title="bbox 189 1916 1056 2002; baseline -0.001 -19"><span class='ocrx_word' id='word_1_103' title='bbox 189 1918 292 1983; x_wconf 86' lang='lat' dir='ltr'><strong>unica</strong></span> <span class='ocrx_word' id='word_1_104' title='bbox 308 1928 389 1982; x_wconf 89' lang='lat' dir='ltr'><strong>tunc</strong></span> <span class='ocrx_word' id='word_1_105' title='bbox 400 1916 650 1993; x_wconf 84' lang='lat' dir='ltr'><strong>-volucris,·nec</strong></span> <span class='ocrx_word' id='word_1_106' title='bbox 666 1917 741 1981; x_wconf 89' lang='lat' dir='ltr'><strong>visa</strong></span> <span class='ocrx_word' id='word_1_107' title='bbox 757 1916 1056 2002; x_wconf 83' lang='lat' dir='ltr'><strong>prioribusannis,</strong></span> 
     </span>
     <span class='ocr_line' id='line_1_17' title="bbox 135 2022 1245 2110; baseline -0.001 -21"><span class='ocrx_word' id='word_1_108' title='bbox 135 2060 139 2069; x_wconf 78' lang='lat'>=</span> <span class='ocrx_word' id='word_1_109' title='bbox 190 2024 347 2110; x_wconf 86' lang='lat' dir='ltr'><strong>factaque</strong></span> <span class='ocrx_word' id='word_1_110' title='bbox 365 2044 474 2108; x_wconf 87' lang='lat' dir='ltr'><strong>nuper</strong></span> <span class='ocrx_word' id='word_1_111' title='bbox 491 2024 576 2099; x_wconf 89' lang='lat' dir='ltr'><strong>avis,</strong></span> <span class='ocrx_word' id='word_1_112' title='bbox 592 2023 824 2110; x_wconf 85' lang='lat' dir='ltr'><strong>longumtibi,</strong></span> <span class='ocrx_word' id='word_1_113' title='bbox 840 2022 1013 2105; x_wconf 76' lang='lat' dir='ltr'><strong>Daedale,</strong></span> <span class='ocrx_word' id='word_1_114' title='bbox 1028 2023 1170 2089; x_wconf 87' lang='lat' dir='ltr'><strong>crimen.</strong></span> <span class='ocrx_word' id='word_1_115' title='bbox 1191 2054 1245 2108; x_wconf 83' lang='lat'><strong>240</strong></span> 
     </span>
     <span class='ocr_line' id='line_1_18' title="bbox 162 2128 1179 2218; baseline 0.005 -28"><span class='ocrx_word' id='word_1_116' title='bbox 162 2185 171 2190; x_wconf 78' lang='lat'><strong>.</strong></span> <span class='ocrx_word' id='word_1_117' title='bbox 189 2140 342 2217; x_wconf 79' lang='lat' dir='ltr'><strong>namque</strong></span> <span class='ocrx_word' id='word_1_118' title='bbox 356 2130 437 2194; x_wconf 90' lang='lat' dir='ltr'><strong>huic</strong></span> <span class='ocrx_word' id='word_1_119' title='bbox 452 2128 649 2206; x_wconf 83' lang='lat' dir='ltr'><strong>tradiderat,</strong></span> <span class='ocrx_word' id='word_1_120' title='bbox 668 2130 814 2208; x_wconf 83' lang='lat' dir='ltr'><strong>satorum</strong></span> <span class='ocrx_word' id='word_1_121' title='bbox 831 2130 967 2218; x_wconf 86' lang='lat' dir='ltr'><strong>ignara,</strong></span> <span class='ocrx_word' id='word_1_122' title='bbox 984 2130 1179 2198; x_wconf 86' lang='lat' dir='ltr'><strong>docendam</strong></span> 
     </span>
     <span class='ocr_line' id='line_1_19' title="bbox 190 2234 1159 2322; baseline 0.002 -25"><span class='ocrx_word' id='word_1_123' title='bbox 190 2234 392 2322; x_wconf 86' lang='lat' dir='ltr'><strong>progeniem</strong></span> <span class='ocrx_word' id='word_1_124' title='bbox 411 2254 578 2321; x_wconf 86' lang='lat' dir='ltr'><strong>germana</strong></span> <span class='ocrx_word' id='word_1_125' title='bbox 594 2255 706 2310; x_wconf 89' lang='lat' dir='ltr'><strong>suam,</strong></span> <span class='ocrx_word' id='word_1_126' title='bbox 723 2234 895 2299; x_wconf 89' lang='lat' dir='ltr'><strong>natalibus</strong></span> <span class='ocrx_word' id='word_1_127' title='bbox 912 2234 996 2299; x_wconf 80' lang='lat' dir='ltr'><strong>actis&#39;</strong></span> <span class='ocrx_word' id='word_1_128' title='bbox 1153 2240 1159 2248; x_wconf 83' lang='grc'><em>’</em></span> 
     </span>
     <span class='ocr_line' id='line_1_20' title="bbox 188 2340 1079 2427; baseline -0.004 -19"><span class='ocrx_word' id='word_1_129' title='bbox 188 2342 242 2408; x_wconf 91' lang='lat' dir='ltr'><strong>bis</strong></span> <span class='ocrx_word' id='word_1_130' title='bbox 259 2359 404 2427; x_wconf 92' lang='lat' dir='ltr'><strong>puerum</strong></span> <span class='ocrx_word' id='word_1_131' title='bbox 421 2340 526 2415; x_wconf 87' lang='lat' dir='ltr'><strong>senis,</strong></span> <span class='ocrx_word' id='word_1_132' title='bbox 543 2340 648 2404; x_wconf 87' lang='lat' dir='ltr'><strong>animi</strong></span> <span class='ocrx_word' id='word_1_133' title='bbox 666 2340 712 2405; x_wconf 84' lang='lat' dir='ltr'><strong>ad</strong></span> <span class='ocrx_word' id='word_1_134' title='bbox 727 2352 910 2426; x_wconf 84' lang='lat' dir='ltr'><strong>praecepta</strong></span> <span class='ocrx_word' id='word_1_135' title='bbox 928 2340 1079 2426; x_wconf 87' lang='lat' dir='ltr'><strong>capacis.</strong></span> 
     </span>
     <span class='ocr_line' id='line_1_21' title="bbox 189 2446 941 2532; baseline -0.001 -19"><span class='ocrx_word' id='word_1_136' title='bbox 189 2449 248 2513; x_wconf 83' lang='lat' dir='ltr'><strong>ille</strong></span> <span class='ocrx_word' id='word_1_137' title='bbox 264 2448 366 2512; x_wconf 89' lang='lat' dir='ltr'><strong>etiam</strong></span> <span class='ocrx_word' id='word_1_138' title='bbox 384 2446 497 2511; x_wconf 86' lang='lat' dir='ltr'><strong>medio</strong></span> <span class='ocrx_word' id='word_1_139' title='bbox 513 2446 630 2532; x_wconf 88' lang='lat' dir='ltr'><strong>spinas</strong></span> <span class='ocrx_word' id='word_1_140' title='bbox 645 2447 681 2510; x_wconf 92' lang='lat' dir='ltr'><strong>in</strong></span> <span class='ocrx_word' id='word_1_141' title='bbox 698 2448 792 2531; x_wconf 87' lang='lat' dir='ltr'><strong>pisce</strong></span> <span class='ocrx_word' id='word_1_142' title='bbox 807 2458 941 2512; x_wconf 80' lang='lat' dir='ltr'><strong>notatas</strong></span> 
     </span>
     <span class='ocr_line' id='line_1_22' title="bbox 188 2553 1243 2641; baseline 0 -22"><span class='ocrx_word' id='word_1_143' title='bbox 188 2555 291 2620; x_wconf 87' lang='lat' dir='ltr'><strong>traxit</strong></span> <span class='ocrx_word' id='word_1_144' title='bbox 307 2555 342 2618; x_wconf 88' lang='lat' dir='ltr'><strong>in</strong></span> <span class='ocrx_word' id='word_1_145' title='bbox 360 2553 570 2638; x_wconf 81' lang='lat' dir='ltr'><strong>exemplum,</strong></span> <span class='ocrx_word' id='word_1_146' title='bbox 589 2553 747 2639; x_wconf 85' lang='lat' dir='ltr'><strong>ferroque</strong></span> <span class='ocrx_word' id='word_1_147' title='bbox 761 2553 881 2620; x_wconf 91' lang='lat' dir='ltr'><strong>incidit</strong></span> <span class='ocrx_word' id='word_1_148' title='bbox 897 2565 997 2620; x_wconf 90' lang='lat' dir='ltr'><strong>acuto</strong></span> <span class='ocrx_word' id='word_1_149' title='bbox 1087 2572 1089 2575; x_wconf 88' lang='grc'><strong><em>·</em></strong></span> <span class='ocrx_word' id='word_1_150' title='bbox 1191 2585 1243 2641; x_wconf 81' lang='lat'><strong>245</strong></span> 
     </span>
     <span class='ocr_line' id='line_1_23' title="bbox 142 2651 1009 2749; baseline -0.003 -22"><span class='ocrx_word' id='word_1_151' title='bbox 142 2659 146 2664; x_wconf 53' lang='lat'><strong>⁴</strong></span> <span class='ocrx_word' id='word_1_152' title='bbox 189 2672 373 2749; x_wconf 91' lang='lat' dir='ltr'><strong>perpetuos</strong></span> <span class='ocrx_word' id='word_1_153' title='bbox 389 2662 521 2736; x_wconf 88' lang='lat' dir='ltr'><strong>dentes,</strong></span> <span class='ocrx_word' id='word_1_154' title='bbox 540 2671 573 2726; x_wconf 93' lang='lat' dir='ltr'><strong>et</strong></span> <span class='ocrx_word' id='word_1_155' title='bbox 589 2651 704 2725; x_wconf 79' lang='lat' dir='ltr'><strong>serrae</strong></span> <span class='ocrx_word' id='word_1_156' title='bbox 721 2659 870 2744; x_wconf 78' lang='lat' dir='ltr'><strong>repperit</strong></span> <span class='ocrx_word' id='word_1_157' title='bbox 886 2681 1009 2736; x_wconf 88' lang='lat' dir='ltr'><strong>usum;</strong></span> 
     </span>
     <span class='ocr_line' id='line_1_24' title="bbox 189 2765 1098 2856; baseline 0 -22"><span class='ocrx_word' id='word_1_158' title='bbox 189 2770 320 2856; x_wconf 86' lang='lat' dir='ltr'><strong>primus</strong></span> <span class='ocrx_word' id='word_1_159' title='bbox 337 2779 430 2834; x_wconf 84' lang='lat' dir='ltr'><strong>etex</strong></span> <span class='ocrx_word' id='word_1_160' title='bbox 446 2790 516 2833; x_wconf 90' lang='lat' dir='ltr'><strong>uno</strong></span> <span class='ocrx_word' id='word_1_161' title='bbox 533 2767 601 2833; x_wconf 91' lang='lat' dir='ltr'><strong>duo</strong></span> <span class='ocrx_word' id='word_1_162' title='bbox 618 2765 730 2830; x_wconf 85' lang='lat' dir='ltr'><strong>ferrea</strong></span> <span class='ocrx_word' id='word_1_163' title='bbox 746 2766 907 2830; x_wconf 89' lang='lat' dir='ltr'><strong>bracchia</strong></span> <span class='ocrx_word' id='word_1_164' title='bbox 926 2767 1017 2833; x_wconf 89' lang='lat' dir='ltr'><strong>uodo</strong></span> <span class='ocrx_word' id='word_1_165' title='bbox 1094 2773 1098 2780; x_wconf 87' lang='lat'><em>&#39;</em></span> 
     </span>
     <span class='ocr_line' id='line_1_25' title="bbox 189 2869 949 2964; baseline -0.003 -22"><span class='ocrx_word' id='word_1_166' title='bbox 189 2878 311 2954; x_wconf 87' lang='lat' dir='ltr'><strong>vinxit,</strong></span> <span class='ocrx_word' id='word_1_167' title='bbox 329 2889 366 2943; x_wconf 93' lang='lat' dir='ltr'><strong>ut</strong></span> <span class='ocrx_word' id='word_1_168' title='bbox 382 2869 517 2964; x_wconf 84' lang='lat' dir='ltr'><strong>aequali</strong></span> <span class='ocrx_word' id='word_1_169' title='bbox 535 2875 645 2962; x_wconf 91' lang='lat' dir='ltr'><strong>spatio</strong></span> <span class='ocrx_word' id='word_1_170' title='bbox 663 2874 865 2940; x_wconf 90' lang='lat' dir='ltr'><strong>distantibus</strong></span> <span class='ocrx_word' id='word_1_171' title='bbox 881 2874 949 2940; x_wconf 89' lang='lat' dir='ltr'><strong>illis</strong></span> 
     </span>
     <span class='ocr_line' id='line_1_26' title="bbox 190 2983 1053 3070; baseline -0.001 -23"><span class='ocrx_word' id='word_1_172' title='bbox 190 2985 297 3049; x_wconf 88' lang='lat' dir='ltr'><strong>altera</strong></span> <span class='ocrx_word' id='word_1_173' title='bbox 314 3005 395 3070; x_wconf 89' lang='lat' dir='ltr'><strong>pars</strong></span> <span class='ocrx_word' id='word_1_174' title='bbox 411 2993 526 3059; x_wconf 86' lang='lat' dir='ltr'><strong>staret,</strong></span> <span class='ocrx_word' id='word_1_175' title='bbox 545 3003 625 3068; x_wconf 89' lang='lat' dir='ltr'><strong>pars</strong></span> <span class='ocrx_word' id='word_1_176' title='bbox 643 2983 749 3047; x_wconf 87' lang='lat' dir='ltr'><strong>altera</strong></span> <span class='ocrx_word' id='word_1_177' title='bbox 766 2983 906 3048; x_wconf 89' lang='lat' dir='ltr'><strong>duceret</strong></span> <span class='ocrx_word' id='word_1_178' title='bbox 921 2983 1053 3047; x_wconf 88' lang='lat' dir='ltr'><strong>orbem.</strong></span> 
     </span>
     <span class='ocr_line' id='line_1_27' title="bbox 190 3074 1248 3176; baseline -0.001 -21"><span class='ocrx_word' id='word_1_179' title='bbox 190 3091 369 3157; x_wconf 88' lang='lat' dir='ltr'><strong>Daedalus</strong></span> <span class='ocrx_word' id='word_1_180' title='bbox 385 3089 517 3166; x_wconf 90' lang='lat' dir='ltr'><strong>invidit,</strong></span> <span class='ocrx_word' id='word_1_181' title='bbox 537 3108 705 3176; x_wconf 89' lang='lat' dir='ltr'><strong>sacraque</strong></span> <span class='ocrx_word' id='word_1_182' title='bbox 722 3109 765 3154; x_wconf 90' lang='lat' dir='ltr'><strong>ex</strong></span> <span class='ocrx_word' id='word_1_183' title='bbox 782 3110 861 3154; x_wconf 87' lang='lat' dir='ltr'><strong>arce</strong></span> <span class='ocrx_word' id='word_1_184' title='bbox 878 3074 1059 3154; x_wconf 69' lang='lat' dir='ltr'><strong>Minervae</strong></span> <span class='ocrx_word' id='word_1_185' title='bbox 1192 3118 1248 3176; x_wconf 76' lang='lat'><strong>250</strong></span> 
     </span>
     <span class='ocr_line' id='line_1_28' title="bbox 189 3187 1072 3286; baseline -0.002 -26"><span class='ocrx_word' id='word_1_186' title='bbox 189 3187 411 3281; x_wconf 87' lang='lat' dir='ltr'><strong>praecipitem</strong></span> <span class='ocrx_word' id='word_1_187' title='bbox 429 3195 531 3271; x_wconf 88' lang='lat' dir='ltr'><strong>misit,</strong></span> <span class='ocrx_word' id='word_1_188' title='bbox 550 3197 686 3281; x_wconf 89' lang='lat' dir='ltr'><strong>lapsum</strong></span> <span class='ocrx_word' id='word_1_189' title='bbox 703 3196 881 3269; x_wconf 85' lang='lat' dir='ltr'><strong>mentitus3</strong></span> <span class='ocrx_word' id='word_1_190' title='bbox 907 3206 942 3260; x_wconf 89' lang='lat' dir='ltr'><strong>at</strong></span> <span class='ocrx_word' id='word_1_191' title='bbox 955 3195 1072 3286; x_wconf 81' lang='lat' dir='ltr'><strong>illum,</strong></span> 
     </span>
     <span class='ocr_line' id='line_1_29' title="bbox 189 3301 1135 3390; baseline -0.002 -24"><span class='ocrx_word' id='word_1_192' title='bbox 189 3325 279 3388; x_wconf 90' lang='lat' dir='ltr'><strong>quae</strong></span> <span class='ocrx_word' id='word_1_193' title='bbox 296 3303 387 3368; x_wconf 89' lang='lat' dir='ltr'><strong>savet</strong></span> <span class='ocrx_word' id='word_1_194' title='bbox 402 3301 564 3390; x_wconf 83' lang='lat' dir='ltr'><strong>ingeniis,</strong></span> <span class='ocrx_word' id='word_1_195' title='bbox 585 3302 721 3388; x_wconf 91' lang='lat' dir='ltr'><strong>excepit</strong></span> <span class='ocrx_word' id='word_1_196' title='bbox 735 3301 866 3376; x_wconf 88' lang='lat' dir='ltr'><strong>Pallas,</strong></span> <span class='ocrx_word' id='word_1_197' title='bbox 884 3301 1053 3387; x_wconf 86' lang='lat' dir='ltr'><strong>avemque</strong></span> <span class='ocrx_word' id='word_1_198' title='bbox 1130 3333 1135 3340; x_wconf 92' lang='lat'><strong>·</strong></span> 
     </span>
     <span class='ocr_line' id='line_1_30' title="bbox 190 3408 972 3492; baseline 0 -20"><span class='ocrx_word' id='word_1_199' title='bbox 190 3408 349 3486; x_wconf 88' lang='lat' dir='ltr'><strong>reddidit,</strong></span> <span class='ocrx_word' id='word_1_200' title='bbox 367 3420 401 3474; x_wconf 89' lang='lat' dir='ltr'><strong>et</strong></span> <span class='ocrx_word' id='word_1_201' title='bbox 418 3409 530 3474; x_wconf 89' lang='lat' dir='ltr'><strong>medio</strong></span> <span class='ocrx_word' id='word_1_202' title='bbox 546 3410 672 3474; x_wconf 75' lang='lat' dir='ltr'><strong>velavit</strong></span> <span class='ocrx_word' id='word_1_203' title='bbox 688 3409 723 3472; x_wconf 91' lang='lat' dir='ltr'><strong>in</strong></span> <span class='ocrx_word' id='word_1_204' title='bbox 740 3413 821 3473; x_wconf 72' lang='lat' dir='ltr'><strong>aere</strong></span> <span class='ocrx_word' id='word_1_205' title='bbox 838 3408 972 3492; x_wconf 80' lang='lat' dir='ltr'><strong>pennis.</strong></span> 
     </span>
     <span class='ocr_line' id='line_1_31' title="bbox 190 3513 993 3604; baseline -0.001 -25"><span class='ocrx_word' id='word_1_206' title='bbox 190 3517 251 3580; x_wconf 90' lang='lat' dir='ltr'><strong>sed</strong></span> <span class='ocrx_word' id='word_1_207' title='bbox 267 3516 367 3604; x_wconf 89' lang='lat' dir='ltr'><strong>vigor</strong></span> <span class='ocrx_word' id='word_1_208' title='bbox 382 3515 513 3604; x_wconf 84' lang='lat' dir='ltr'><strong>ingenii</strong></span> <span class='ocrx_word' id='word_1_209' title='bbox 531 3516 705 3602; x_wconf 90' lang='lat' dir='ltr'><strong>quondam</strong></span> <span class='ocrx_word' id='word_1_210' title='bbox 722 3513 851 3579; x_wconf 90' lang='lat' dir='ltr'><strong>velocis</strong></span> <span class='ocrx_word' id='word_1_211' title='bbox 867 3514 902 3578; x_wconf 91' lang='lat' dir='ltr'><strong>in</strong></span> <span class='ocrx_word' id='word_1_212' title='bbox 919 3514 993 3579; x_wconf 89' lang='lat' dir='ltr'><strong>alas</strong></span> 
     </span>
     <span class='ocr_line' id='line_1_32' title="bbox 171 3620 1248 3710; baseline -0.003 -23"><span class='ocrx_word' id='word_1_213' title='bbox 171 3665 174 3672; x_wconf 84' lang='lat'>-</span> <span class='ocrx_word' id='word_1_214' title='bbox 189 3622 293 3709; x_wconf 90' lang='lat' dir='ltr'><strong>inque</strong></span> <span class='ocrx_word' id='word_1_215' title='bbox 310 3623 416 3708; x_wconf 87' lang='lat' dir='ltr'><strong>pedes</strong></span> <span class='ocrx_word' id='word_1_216' title='bbox 433 3622 535 3697; x_wconf 84' lang='lat' dir='ltr'><strong>abiit3</strong></span> <span class='ocrx_word' id='word_1_217' title='bbox 559 3643 686 3686; x_wconf 90' lang='lat' dir='ltr'><strong>nomen</strong></span> <span class='ocrx_word' id='word_1_218' title='bbox 703 3621 794 3707; x_wconf 88' lang='lat' dir='ltr'><strong>quod</strong></span> <span class='ocrx_word' id='word_1_219' title='bbox 811 3631 844 3685; x_wconf 91' lang='lat' dir='ltr'><strong>et</strong></span> <span class='ocrx_word' id='word_1_220' title='bbox 860 3633 952 3695; x_wconf 86' lang='lat' dir='ltr'><strong>ante,</strong></span> <span class='ocrx_word' id='word_1_221' title='bbox 969 3620 1146 3685; x_wconf 85' lang='lat' dir='ltr'><strong>remansit.</strong></span> <span class='ocrx_word' id='word_1_222' title='bbox 1194 3651 1248 3710; x_wconf 75' lang='lat'><strong>255</strong></span> 
     </span>
     <span class='ocr_line' id='line_1_33' title="bbox 190 3728 1097 3812; baseline -0.001 -19"><span class='ocrx_word' id='word_1_223' title='bbox 190 3751 259 3794; x_wconf 89' lang='lat' dir='ltr'><strong>non</strong></span> <span class='ocrx_word' id='word_1_224' title='bbox 275 3740 390 3794; x_wconf 91' lang='lat' dir='ltr'><strong>tamen</strong></span> <span class='ocrx_word' id='word_1_225' title='bbox 408 3729 496 3794; x_wconf 83' lang='lat' dir='ltr'><strong>haec</strong></span> <span class='ocrx_word' id='word_1_226' title='bbox 512 3729 579 3793; x_wconf 89' lang='lat' dir='ltr'><strong>alte</strong></span> <span class='ocrx_word' id='word_1_227' title='bbox 595 3728 744 3793; x_wconf 86' lang='lat' dir='ltr'><strong>volucris</strong></span> <span class='ocrx_word' id='word_1_228' title='bbox 760 3748 823 3792; x_wconf 88' lang='lat' dir='ltr'><strong>sua</strong></span> <span class='ocrx_word' id='word_1_229' title='bbox 839 3748 984 3812; x_wconf 87' lang='lat' dir='ltr'><strong>corpora</strong></span> <span class='ocrx_word' id='word_1_230' title='bbox 998 3728 1097 3802; x_wconf 90' lang='lat' dir='ltr'><strong>tollit,</strong></span> 
     </span>
     <span class='ocr_line' id='line_1_34' title="bbox 190 3833 1010 3920; baseline -0.004 -20"><span class='ocrx_word' id='word_1_231' title='bbox 190 3858 256 3900; x_wconf 89' lang='lat' dir='ltr'><strong>nec</strong></span> <span class='ocrx_word' id='word_1_232' title='bbox 272 3835 352 3901; x_wconf 81' lang='lat' dir='ltr'><strong>facit</strong></span> <span class='ocrx_word' id='word_1_233' title='bbox 369 3835 402 3899; x_wconf 90' lang='lat' dir='ltr'><strong>in</strong></span> <span class='ocrx_word' id='word_1_234' title='bbox 419 3834 524 3900; x_wconf 90' lang='lat' dir='ltr'><strong>ramis</strong></span> <span class='ocrx_word' id='word_1_235' title='bbox 541 3836 676 3920; x_wconf 89' lang='lat' dir='ltr'><strong>altoque</strong></span> <span class='ocrx_word' id='word_1_236' title='bbox 693 3834 874 3919; x_wconf 82' lang='lat' dir='ltr'><strong>cacumine</strong></span> <span class='ocrx_word' id='word_1_237' title='bbox 889 3833 1010 3898; x_wconf 77' lang='lat' dir='ltr'><strong>nidosz</strong></span> 
     </span>
     <span class='ocr_line' id='line_1_35' title="bbox 191 3939 1121 4028; baseline -0.002 -23"><span class='ocrx_word' id='word_1_238' title='bbox 191 3952 329 4028; x_wconf 90' lang='lat' dir='ltr'><strong>propter</strong></span> <span class='ocrx_word' id='word_1_239' title='bbox 345 3942 488 4005; x_wconf 91' lang='lat' dir='ltr'><strong>humum</strong></span> <span class='ocrx_word' id='word_1_240' title='bbox 505 3940 634 4016; x_wconf 89' lang='lat' dir='ltr'><strong>volitat,</strong></span> <span class='ocrx_word' id='word_1_241' title='bbox 653 3940 815 4026; x_wconf 89' lang='lat' dir='ltr'><strong>ponitque</strong></span> <span class='ocrx_word' id='word_1_242' title='bbox 832 3939 869 4004; x_wconf 92' lang='lat' dir='ltr'><strong>in</strong></span> <span class='ocrx_word' id='word_1_243' title='bbox 884 3939 1024 4025; x_wconf 88' lang='lat' dir='ltr'><strong>sepibus</strong></span> <span class='ocrx_word' id='word_1_244' title='bbox 1040 3960 1121 4015; x_wconf 88' lang='lat' dir='ltr'><strong>ova,</strong></span> 
     </span>
    </p>
   </div>
   <div class='ocr_carea' id='block_1_3' title="bbox 192 4046 1113 4156">
    <p class='ocr_par' dir='ltr' id='par_1_3' title="bbox 192 4046 1113 4156">
     <span class='ocr_line' id='line_1_36' title="bbox 192 4046 1113 4156; baseline -0.001 -44"><span class='ocrx_word' id='word_1_245' title='bbox 192 4048 389 4136; x_wconf 90' lang='lat' dir='ltr'><strong>antiquique</strong></span> <span class='ocrx_word' id='word_1_246' title='bbox 406 4068 538 4113; x_wconf 89' lang='lat' dir='ltr'><strong>memor</strong></span> <span class='ocrx_word' id='word_1_247' title='bbox 554 4046 671 4112; x_wconf 92' lang='lat' dir='ltr'><strong>metuit</strong></span> <span class='ocrx_word' id='word_1_248' title='bbox 688 4046 847 4112; x_wconf 89' lang='lat' dir='ltr'><strong>sublimia</strong></span> <span class='ocrx_word' id='word_1_249' title='bbox 865 4068 977 4112; x_wconf 87' lang='lat' dir='ltr'><strong>casus.</strong></span> <span class='ocrx_word' id='word_1_250' title='bbox 1028 4125 1037 4156; x_wconf 34' lang='grc' dir='ltr'><strong><em>Ι</em></strong></span> <span class='ocrx_word' id='word_1_251' title='bbox 1109 4129 1113 4134; x_wconf 14' lang='grc' dir='ltr'>ἡ</span> 
     </span>
    </p>
   </div>
   <div class='ocr_carea' id='block_1_4' title="bbox 0 0 1360 4325">
    <p class='ocr_par' dir='ltr' id='par_1_4' title="bbox 0 0 1360 4325">
     <span class='ocr_line' id='line_1_37' title="bbox 0 0 1360 4325; baseline 0 0"><span class='ocrx_word' id='word_1_252' title='bbox 0 0 1360 4325; x_wconf 95' lang='lat' dir='ltr'><strong> </strong></span> 
     </span>
    </p>
   </div>
  </div>
 </body>
</html>
