2709 4325
121 283 199 340 XIII.
211 286 283 358 398.]
335 267 437 357 Asizx
460 270 552 358 slays
575 271 723 358 himself
736 275 772 339 in
806 271 939 339 Wrath.
1096 291 1160 360 129

119 473 180 527 este
196 464 260 528 mei
278 465 472 540 memoresl¹
499 478 558 533 aut
573 469 601 534 si
618 468 702 535 mihi
717 492 787 535 non
803 468 891 535 datis
908 489 1018 545 arma,
1108 486 1160 554 380

118 569 190 634 huic
204 571 281 635 date
295 571 305 636 I
317 573 325 600 ’
335 610 381 622 -
392 584 426 638 et
442 575 589 639 ostendit
604 575 743 661 signum
760 576 863 640 fatale
880 573 1074 640 Minervae.

154 677 246 742 Mota
265 700 391 745 manus
409 702 590 766 procerum
607 695 670 757 est,
690 693 723 746 et
738 683 820 769 quid
837 682 998 746 facundia
1014 691 1142 767 posset,

114 804 146 848 re
160 785 285 869 patuit3
314 786 478 873 fortisque
494 787 557 850 viri
574 788 649 852 tulit
665 809 761 853 arma
778 789 933 853 disertus.

115 889 255 958 Hectora
271 892 335 980 qui
352 893 459 968 solus,
477 891 536 979 qui
553 893 694 969 serrum,
712 894 893 982 ignesque,
907 892 1099 980 Jovemque

113 996 260 1064 sustinuit
273 998 417 1075 totiens,
436 1019 541 1064 unam
557 1021 627 1064 non
643 1001 785 1065 sustinet
801 1000 908 1064 iram:
1108 1017 1159 1086 385

111 1102 340 1192 invictumque
355 1105 466 1170 virum
484 1105 589 1172 vincit
606 1106 714 1172 dolor.
763 1105 894 1191 Arripit
910 1125 1041 1179 ensem,

112 1221 140 1274 et
155 1209 283 1277 ‘Meus
299 1213 356 1276 hic
369 1224 460 1277 certe
473 1223 535 1277 est.
584 1211 642 1277 An
655 1223 689 1278 et
704 1213 797 1278 hunc
812 1213 876 1278 sibi
893 1212 1002 1298 poscit
1014 1209 1160 1278 Ulixes?

17 1381 19 1387 ,
111 1316 190 1382 hoc’
207 1320 255 1383 ait
273 1329 283 1359 ‘
303 1319 467 1385 utendum
485 1330 535 1384 est
551 1318 586 1384 in
604 1339 658 1384 me
675 1319 781 1400 mihi,;
805 1318 932 1406 quique
949 1338 1070 1384 cruore

111 1445 204 1510 saepe
222 1424 411 1514 Phrygum
429 1425 572 1500 maduit,
591 1425 721 1492 domini
737 1446 831 1491 nunc
846 1425 953 1490 caede
971 1423 1135 1500 madebit,

110 1533 350 1620 nequisquam
367 1530 513 1619 Ajacem
531 1532 637 1618 possit
653 1553 828 1617 superare,
848 1531 913 1596 nisi
929 1530 1047 1618 Ajax.‘
1108 1560 1160 1616 390

110 1638 199 1715 dixit,
219 1639 310 1704 etin
326 1652 445 1724 pectus
461 1650 533 1704 tum
550 1640 690 1705 demum
706 1639 849 1704 vulnera
865 1657 1006 1724 passum

109 1765 170 1830 qua
185 1745 299 1831 patuit
314 1745 456 1822 serrum,
473 1746 611 1812 letalem
628 1745 779 1812 condidit
795 1766 926 1811 ensem.

110 1871 168 1916 nec
182 1851 327 1916 valuere
345 1873 468 1918 manus
482 1850 627 1918 infixum
644 1853 791 1919 educere
807 1852 933 1917 telum:

109 1957 235 2042 expulit
251 1957 329 2042 ipse
345 1976 466 2032 cruor;
491 1958 735 2044 rubefactaque
752 1958 922 2045 sanguine
938 1957 1039 2024 tellus

109 2083 317 2149 purpureum
333 2063 434 2129 viridi
451 2065 571 2152 genuit
587 2067 629 2131 de
646 2065 772 2151 cespite
789 2065 922 2142 florem,
1107 2095 1158 2155 395

108 2172 161 2257 qui
176 2171 275 2257 prius
292 2170 440 2237 Oebalio
457 2172 568 2239 suerat
583 2172 626 2239 de
642 2174 784 2239 vulnere
801 2186 910 2240 natus.

108 2277 214 2343 littera
231 2280 428 2344 communis
444 2280 565 2345 mediis
581 2301 755 2367 pueroque
772 2281 912 2368 viroque

108 2382 269 2471 inscripta
285 2394 339 2451 est
354 2384 465 2452 soliis:
491 2387 578 2453 haee
594 2369 756 2465 nominis,
774 2387 833 2453 illa
848 2387 1035 2477 querellae.
