2709 4325
171 198 216 272 54
434 180 505 249 Tha
539 181 756 269 Wundering
775 182 823 267 os
841 180 957 250 Cares.
1079 198 1228 270 [Maian.

169 380 263 445 venit
278 390 311 445 et
328 379 371 445 ad
389 377 545 465 Cyanen.
593 378 645 443 Ea
662 377 698 442 ni
714 389 843 442 mutata
860 377 991 452 suisset,
1168 394 1226 464 465

170 486 286 552 omnia
302 496 494 559 narrasset;
518 485 581 549 sed
597 494 630 549 et
645 506 685 550 os
700 495 734 549 et
750 484 870 571 lingua
885 482 1011 549 volenti
1227 482 1231 487 ’

171 590 285 656 dicere
302 612 370 655 non
387 591 543 665 aderant,
561 610 626 679 nec
641 611 710 676 quo
726 590 934 676 loqueretur,
953 589 1114 656 habebat.

171 696 272 784 signa
286 707 401 761 tamen
419 696 600 769 manifesta
617 696 723 771 dedit,
740 706 926 780 notamque
942 696 1089 780 parenti,

169 802 229 868 illo
245 803 330 867 sorte
347 802 422 869 loco
439 802 616 887 delapsam
632 802 669 866 in
684 800 822 889 gurgite
838 821 950 878 sacro,

171 908 410 993 Persephones
426 928 549 973 zonam
566 908 710 972 summis
726 907 872 973 ostendit
887 906 922 970 in
939 906 1054 972 undis.
1167 938 1226 995 470

169 1035 274 1101 quam
292 1014 392 1085 simul
411 1014 563 1101 agnovit,
580 1024 757 1099 tamquam
773 1022 855 1077 tunc
870 1012 1018 1099 denique
1035 1024 1169 1099 raptam
1223 1046 1230 1093 ;

170 1120 302 1195 scisset,
319 1102 493 1185 inornatos
510 1119 651 1197 laniavit
666 1118 747 1183 diva
764 1118 920 1203 capillos,

71 1300 75 1307 ,
170 1238 203 1292 et
219 1224 361 1313 repetita
378 1226 448 1291 suis
465 1225 633 1310 percussit
648 1236 787 1311 pectora
803 1224 940 1310 palmis.

169 1333 279 1399 nescit
294 1333 408 1398 adhuc
424 1332 483 1398 ubi
499 1332 562 1407 sit3
586 1342 695 1397 terras
710 1343 825 1395 tamen
843 1332 998 1416 increpat
1013 1352 1148 1409 omnes,

93 1448 97 1457 ‘
129 1485 136 1491 -
169 1437 390 1527 ingratasque
406 1449 517 1515 vocat,
536 1458 601 1503 nec
617 1438 758 1525 frugum
774 1458 916 1503 munere
932 1437 1079 1525 dignas:
1168 1467 1223 1525 475

167 1545 386 1611 Trinacriam
404 1528 482 1611 ante
499 1545 598 1620 alias,
615 1543 737 1631 in-qua
752 1543 898 1631 vestigia
913 1543 1032 1609 damni

169 1652 327 1739 repperit.
375 1651 471 1739 Ergo
487 1650 558 1717 illic
573 1670 678 1716 saeva
694 1650 860 1715 vertentia
875 1651 997 1737 glebas
1083 1717 1085 1721 Α

125 1779 130 1786 ·
168 1757 271 1846 fregit
287 1768 399 1822 aratra
418 1778 537 1834 manu,
556 1757 723 1844 parilique
739 1755 825 1820 irata
841 1756 981 1821 colonos

52 1954 56 1960 Ι
169 1865 402 1951 ruricolasque
417 1864 523 1930 boves
540 1864 607 1930 leto
625 1863 730 1939 dedit,
750 1883 900 1950 arvaque
912 1862 1014 1951 jussit

169 1970 290 2036 fallere·
306 1970 510 2057 depositum,
528 1970 713 2056 vitiataque
729 1970 863 2034 semina
879 1969 969 2034 fecit.
1168 1988 1226 2057 489

169 2077 322 2141 fertilitas
338 2059 449 2141 terrae
465 2078 570 2141 latum
587 2076 730 2164 vulgata
745 2096 808 2161 per
824 2076 943 2140 orbem

168 2183 257 2248 falsa
269 2183 363 2272 jacet
373 2205 382 2259 ;
408 2183 526 2268 primis
542 2195 680 2271 segetes
697 2182 887 2247 moriuntur
902 2182 938 2246 in
954 2182 1083 2259 herbis,

169 2299 202 2354 et
219 2290 320 2356 modo
336 2290 388 2356 sol
404 2289 543 2364 nimius,
561 2279 687 2354 nimius
703 2289 806 2354 modo
823 2288 961 2374 corripit
976 2288 1108 2371 imber;

169 2396 351 2483 sideraque
367 2396 527 2482 ventique
544 2407 681 2472 nocent,
700 2395 892 2481 avidaeque
907 2396 1065 2462 volucres

169 2503 301 2568 semina
313 2501 407 2591 jacta
424 2504 565 2591 legunt3
586 2503 708 2583 lolium
725 2501 907 2588 tribulique
923 2497 1077 2590 fatigant-
1168 2519 1223 2590 485

168 2608 318 2675 triticeas
334 2630 476 2684 messeS,
496 2620 529 2674 et
544 2601 817 2696 inexpugnabile
834 2629 992 2696 gramen.

213 2716 305 2783 Tum
322 2729 426 2802 caput
441 2716 536 2782 Eleis
551 2715 722 2802 Alpheias
738 2717 855 2783 extulit
870 2717 984 2794 undis,

168 2835 389 2910 rorantesque
406 2844 523 2890 comas
540 2845 561 2889 a
576 2823 687 2890 fronte
703 2824 847 2890 removit
862 2826 908 2891 ad
924 2846 1037 2902 aures,

169 2929 355 3015 atque'ait:
382 2929 438 2996 ‘O
453 2939 522 2996 toto
538 2931 713 3018 quaesitae
729 2931 874 3019 virginis
889 2932 973 3013 orbe

168 3046 202 3100 et
217 3034 357 3123 frugum
373 3037 533 3124 genimis,
553 3038 739 3104 immensos
755 3039 835 3104 siste
851 3039 998 3115 labores,
1166 3067 1224 3126 490

167 3162 255 3208 neve
271 3142 332 3208 tibi
348 3143 439 3208 fidae
454 3143 603 3210 violenta
620 3144 770 3210 irascere
786 3155 918 3210 terraer

168 3258 258 3314 terra
275 3249 360 3313 nihil
380 3249 513 3326 meruit,
533 3249 708 3337 patuitque
725 3250 831 3316 invita
848 3251 1002 3336 rapinae.

168 3374 233 3419 nec
250 3377 326 3420 sum
343 3377 404 3440 pro
420 3355 530 3441 patria
546 3358 715 3446 supplex3
740 3357 809 3422 huc
825 3357 958 3442 hospita
973 3356 1073 3422 venir

168 3459 248 3525 Pisa
265 3461 349 3525 mihi
365 3461 475 3546 patria
493 3473 555 3540 est,
574 3473 608 3528 et
624 3463 667 3526 ab
684 3461 786 3528 Eli'de
801 3462 958 3528 ducimus
975 3474 1080 3528 ortus.

170 3563 204 3582 Η·
452 3566 540 3600 --·--«.
564 3569 649 3618 Μιη,
670 3569 986 3636 αηάρτεῒίοῐοῐηηί
1166 3596 1220 3655 495

881 3673 889 3684 '
928 3675 1042 3739 *husa
1059 3685 1219 3759 penates,
