2709 4325
118 275 159 329 lv.
175 285 213 340 ιο,
227 269 284 344 86.]
382 250 418 318 T
411 251 454 316 he
473 251 588 317 Poet’s
610 249 913 338 Autobairgraphy.
1099 245 1160 312 181

115 454 298 520 Successor
316 448 380 514 suit
396 447 453 512 hic
469 446 542 523 tibi,
561 446 685 522 Galle;
709 446 908 531 Propertius
922 443 994 519 illi;

153 561 307 646 Quartus
325 558 368 621 ab
385 556 440 620 his
457 556 544 620 serie
560 554 723 638 temporis
739 552 814 637 ipse
830 552 891 616 sui.

112 669 220 756 thue
236 689 306 756 ego
322 664 484 751 majores,
504 662 554 726 sic
571 683 626 726 me
643 661 781 726 coluere
798 661 961 735 minores,
1131 688 1162 744 55

153 773 315 860 Notaque
331 791 400 836 non
419 766 515 834 tarde
533 764 624 835 sacta
640 763 768 828 Thalia
785 783 864 828 mea
879 774 942 828 est.

17 886 18 906 ¹
112 879 273 946 Carmina
289 899 368 944 cum
380 877 534 964 ,primurn
552 873 681 958 populo
693 871 860 959 juvenilia
876 869 961 958 legi,
1018 877 1025 888 ⁴

153 986 268 1052 Barba
285 997 418 1051 resecta
434 982 518 1050 mihi
534 981 631 1046 bisve
647 979 800 1045 semelve
815 978 890 1044 suit.

16 1091 19 1170 f
112 1077 267 1158 Moverat
282 1091 461 1180 ingenium
478 1101 585 1160 totam
602 1098 739 1157 cantata
756 1109 818 1172 per
833 1087 967 1155 Urbem
1152 1172 1157 1180 Ι

16 1190 17 1210 ’
152 1198 305 1265 Nomine
322 1220 390 1268 non
406 1219 488 1270 vero
505 1196 597 1264 dicta
615 1193 769 1266 Corinna
786 1193 884 1268 milii.
1128 1213 1163 1268 60

111 1305 220 1372 Multa
236 1306 376 1393 quidem
392 1303 535 1390 scripsi3
562 1303 624 1370 sed
641 1322 731 1389 quae
744 1301 868 1371 vitiosa
884 1302 1015 1389 putavi,

151 1412 393 1480 Emendaturis
409 1411 548 1500 ignibus
565 1410 639 1495 ipse
657 1408 753 1477 dedi.
976 1409 1160 1497 [cremavi‚

110 1517 208 1583 Tunc
247 1539 397 1606 quoque,
441 1537 520 1585 curn
560 1516 731 1604 sugerem,
772 1515 946 1603 quaedam
992 1518 1161 1603 placitura

150 1625 262 1689 Iratus
279 1625 390 1690 studio
407 1623 686 1710 carminibusque
703 1622 803 1690 meis.

108 1731 215 1798 Molle
232 1729 436 1816 Cupidineis
453 1713 519 1796 nec
535 1730 808 1818 inexpugnabile
824 1730 901 1796 telis
1127 1745 1160 1816 ες

150 1837 221 1904 Cor
238 1837 334 1913 mihi,
353 1838 512 1924 quodque
529 1837 614 1910 levis
631 1857 740 1909 causa
754 1847 919 1912 moveret,
937 1847 1022 1910 erat.

13 1935 14 1988 7
108 1943 196 2018 Cum
213 1956 330 2018 tamen
347 1943 403 2008 hic
419 1963 547 2019 essem,
564 1942 775 2030 minimoque
793 1944 1002 2013 accenderer
1018 1943 1114 2032 igne,

149 2050 301 2117 Nomine
319 2050 382 2115 sub
399 2061 514 2116 nostro
530 2049 648 2118 sabula
665 2051 761 2118 nulla
778 2050 852 2120 fuir.

108 2156 224 2223 Paene
240 2156 325 2233 mihi
340 2179 449 2247 puero
464 2178 530 2225 nec
546 2157 655 2246 dignu
670 2179 737 2226 nec
752 2158 844 2231 utilis
860 2177 951 2233 uxor

149 2264 211 2330 Est
227 2264 319 2340 data,
338 2248 427 2351 quae
443 2276 578 2349 tempus
595 2266 777 2350 perbreve
793 2276 900 2351 nupta
917 2267 990 2333 fuit
1126 2296 1161 2351 70

107 2368 159 2435 llli
176 2370 352 2445 successit,
370 2370 528 2457 quamvis
545 2371 619 2437 sine
636 2371 780 2445 crimine
796 2372 964 2459 conjunx,

149 2476 230 2542 Non
247 2488 362 2542 tamen
378 2476 414 2540 in
430 2487 546 2551 nostro
561 2477 661 2544 firma
677 2478 791 2544 sutura
806 2489 894 2543 toro.
945 2537 949 2546 .

107 2581 246 2660 Ultima,
264 2600 353 2670 quae
369 2603 506 2658 meeum
522 2604 616 2654 seros
633 2584 822 2669 permansit
837 2584 874 2650 in
891 2602 1013 2661 annos,
1069 2624 1074 2631 «
1138 2606 1142 2632 ³

148 2688 317 2755 Sustinuit
333 2688 484 2777 conjunx
500 2690 631 2758 exsulis
648 2710 725 2757 esse
740 2690 818 2765 viri.
901 2744 905 2749 .

106 2793 191 2861 Filia
209 2816 264 2861 me
281 2816 357 2860 mea
374 2795 428 2871 bis
444 2798 555 2881 prima
570 2797 722 2865 secunda
734 2797 891 2885 juventa,
1125 2826 1157 2889 73

147 2900 218 2970 Sed
235 2924 305 2967 non
322 2923 366 2966 ex
381 2924 451 2975 uno
468 2902 630 2990 conjuge,
649 2903 730 2971 fecit
746 2924 871 2980 avum3

105 3004 146 3072 Et
157 3007 230 3096 jam
248 3008 437 3093 complerat
453 3009 588 3096 genitor
600 3032 668 3081 aua
685 3010 769 3088 sata,
779 3028 981 3100 novemque

147 3112 339 3179 Addiderat
355 3115 469 3181 lustris
486 3117 593 3189 altera
611 3115 718 3194 lustra
734 3140 872 3185 novem.

103 3217 180 3285 Non
199 3220 297 3285 aliter
307 3220 404 3297 flevi,
423 3242 528 3308 quam
549 3245 604 3289 me
620 3222 762 3290 fleturus
778 3225 976 3312 ademptum

145 3325 206 3391 Ille
223 3326 297 3391 suit.
349 3326 455 3393 Matri
475 3331 632 3415 proxima
645 3331 738 3419 justa
754 3332 850 3407 tuli.-
900 3373 903 3396 ÷
1122 3352 1157 3405 80

102 3429 233 3498 Felices
252 3434 354 3500 ambo
372 3418 643 3525 tempestiveque
660 3440 798 3525 sepulti,
851 3504 856 3513 ,

123 3534 124 3537 ’
143 3536 234 3603 Ante
253 3540 344 3605 diem
364 3565 497 3628 poenae
514 3546 605 3633 quod
622 3546 755 3631 periere
772 3545 892 3613 meael

101 3641 159 3709 Me
175 3656 311 3734 quoqu'e
330 3651 479 3728 felicem,
497 3639 589 3740 quod
606 3676 675 3724 non
691 3654 884 3731 viventibus
900 3653 968 3721 illis

142 3750 228 3818 Sum
248 3758 366 3833 miser,
386 3769 419 3823 et
435 3758 478 3825 de
496 3760 658 3846 mequod
676 3761 815 3826 doluere
831 3761 930 3839 nihil.
1002 3802 1006 3806 ν

100 3858 135 3924 Si
152 3874 268 3930 tamen
288 3866 463 3933 exstinctis
481 3866 608 3953 aliquid
626 3867 691 3933 nisi
709 3868 849 3933 nomina
864 3877 980 3944 restat,
1019 3907 1023 3913 ·
1118 3882 1152 3954 85

141 3968 184 4037 Et
201 3972 344 4061 gracilis
360 3981 504 4051 structos
520 3972 641 4061 effugit
657 3973 780 4052 umbra
791 3994 920 4061 ‘rogoslr
