2709 4325
187 253 253 325 140
419 235 491 304 The
524 236 671 304 Wr'sdom
695 240 744 325 (ψ
755 238 864 328 It'ing
880 237 1016 309 Numa.
1085 258 1238 336 [Meum

185 454 230 499 ne
247 431 360 508 facite,
378 441 412 497 et
428 431 564 498 monitis
581 434 714 500 animos
729 435 894 502 advertite
910 435 1056 506 nostris:
1086 499 1091 506 .
1187 468 1241 521 ruo

186 560 334 626 cumque
350 539 454 604 bourn
471 539 593 604 dabitis
610 560 789 606 caesorum
804 541 960 610 membra
976 543 1104 626 patero,
1191 604 1195 612 .
1230 555 1234 564 ’
1297 593 1300 600 -

187 647 351 710 mandere
366 666 429 710 vos
444 655 574 710 vestros
590 645 673 712 scits
689 657 722 711 et
737 647 858 714 sentite
874 647 1026 716 colonos.

233 763 242 793 ‘
258 751 314 829 Et,
329 751 493 839 quoniam
510 752 595 817 deus
611 773 671 817 ora
683 764 811 829 movet,
824 773 950 839 sequar
965 774 1025 821 ora
1041 765 1240 828 moventem

186 857 249 924 rite
267 859 382 933 deum,
401 857 627 944 Delphosque
644 879 739 924 meos
754 858 937 945 ipsumque
953 861 1131 930 recludam

188 966 327 1030 aethera
344 975 377 1030 et
393 975 560 1052 augustae
576 965 739 1036 reserabo
754 965 894 1032 oracrrla
910 965 1043 1035 uentis,
1060 997 1064 1002 ’
1187 998 1240 1054 145

187 1091 329 1159 magna,
348 1091 413 1136 nec
427 1070 577 1158 ingeniis
593 1069 784 1158 evestigata
800 1070 966 1156 priorum,

186 1198 344 1264 quaeque
361 1177 419 1242 diu
434 1178 578 1253 latuere,
596 1196 734 1244 canam.
777 1175 883 1261 Juvat
897 1175 947 1257 ire
962 1198 1025 1262 pet
1039 1179 1110 1249 alta
1127 1192 1131 1196 “

188 1294 299 1358 astra;
320 1283 418 1370 juvat
432 1283 530 1348 terris
546 1293 579 1348 et
592 1281 694 1348 inerti
708 1281 791 1347 sade
806 1281 926 1350 relicta
1100 1369 1106 1374 ἡ

187 1389 278 1454 nube
294 1388 385 1464 vehi,
401 1388 575 1476 validique
592 1387 744 1458 humeris
758 1385 916 1455 insistere
929 1385 1101 1463 Assanii83
1218 1455 1222 1460 .

187 1495 410 1580 palantesque
427 1494 583 1560 homines
599 1493 729 1579 passim
745 1513 788 1560 ac
802 1491 943 1562 rationis
959 1506 1101 1580 egentes
1189 1524 1242 1580 ιςο

187 1598 386 1685 despectare
401 1600 535 1684 procui,
551 1599 771 1685 trepidosque
785 1597 985 1686 obitumque
1000 1599 1160 1673 naeuus

80 1758 84 1764 .
188 1705 238 1771 sic
254 1705 438 1782 exhortari,
456 1704 647 1791 seriemque
659 1705 821 1774 evolvere
836 1702 969 1772 fatis,
1074 1766 1078 1771 .

235 1810 292 1876 ‘O
308 1831 419 1898 genus
436 1810 612 1900 attonitum
629 1810 766 1897 gelidae
781 1809 964 1894 formidine
978 1810 1119 1884 norust

185 1917 271 2003 quid
286 1916 412 2004 Styga,
430 1916 512 2003 quid
527 1915 686 1984 tenebras
700 1915 892 1993 statumina
907 1937 999 1989 vana
1013 1917 1152 1996 tusa,

189 2022 364 2087 materiem
380 2032 510 2098 vatum,
527 2021 672 2108 salsique
689 2023 842 2108 pericula
857 2022 1002 2092 muudi?
1191 2055 1240 2111 ¹55

189 2148 332 2214 corpora
348 2127 420 2196 sive
435 2149 541 2216 rogus
557 2127 710 2205 flamma,
729 2149 791 2199 seu
806 2129 885 2199 tabe
900 2139 1052 2202 vetustas

189 2234 376 2309 abstulerit,
394 2235 485 2301 mala
502 2256 603 2320 posse
619 2234 690 2320 pati
705 2256 776 2305 non
791 2236 863 2305 ulla
879 2236 1016 2321 putetis,

187 2350 295 2405 morte
312 2351 429 2405 carent
445 2340 592 2417 animae,
610 2361 828 2427 semperque,
845 2340 957 2427 priore
971 2341 1091 2417 selim
1114 2362 1118 2368 '

188 2448 283 2522 sede,
301 2445 397 2512 novis
414 2445 571 2514 domibus
587 2446 706 2514 vivunt
721 2446 943 2534 habitantque
959 2459 1130 2534 receptae.

187 2551 262 2637 ipse
278 2572 344 2639 ego
357 2588 401 2600 -
414 2572 495 2621 nam
510 2552 651 2621 memini
664 2588 710 2605 --
720 2552 864 2639 Troiani
878 2564 1033 2640 empore
1049 2556 1131 2630 belli
1162 2624 1166 2631 ,
1186 2573 1242 2635 1⁶0

187 2656 396 2725 Panthoides
411 2655 619 2741 Euphorbus
636 2678 746 2733 eram,
764 2658 820 2730 oui
836 2670 977 2745 pectore
989 2662 1187 2748 quondam·

188 2761 297 2828 haesit
312 2761 348 2826 in
363 2763 508 2833 adverso
523 2762 640 2850 gravis
657 2764 757 2835 hasta
772 2764 914 2836 minoris
929 2765 1087 2839 Atrides.

188 2867 335 2955 cognovi
351 2866 512 2952 clipeum,
529 2868 650 2940 laevae
666 2871 861 2956 gestamina
876 2884 1028 2951 nostras,

185 2994 296 3058 nuper
311 2970 480 3042 Abanteis
495 2974 624 3059 templo
635 2973 783 3060 Juuonis
799 2977 836 3043 in
850 2976 971 3067 Argis.
1062 3011 1064 3015 ’

232 3092 241 3121 ⁶
258 3078 385 3147 omnia
401 3089 594 3149 nutantum
618 3081 705 3151 nhil
721 3082 846 3153 interit.
894 3086 1009 3163 Errat,
1023 3083 1055 3163 ,ei
1070 3084 1169 3163 illine
1190 3102 1241 3173 165

186 3184 255 3249 huc
270 3184 376 3261 venit,
395 3184 476 3257 hinc
491 3185 584 3262 illuc,
601 3197 636 3257 et
651 3191 824 3275 quoslibet,
836 3201 1092 3276 occupat-arbre

185 3290 336 3375 spiritus,
354 3311 441 3378 eque
457 3290 537 3363 seris
555 3294 708 3364 humana
724 3296 760 3362 in
775 3316 919 3381 corpora
935 3296 1067 3374 transt,

185 3395 288 3482 inque
305 3396 395 3466 feras
411 3410 538 3481 noster,
557 3424 622 3467 nso
637 3414 792 3487 tempore
807 3401 941 3488 deperit
955 3403 1039 3477 uuo·

184 3513 289 3589 utque
305 3504 403 3570 novis
419 3506 530 3580 saoiiis
545 3508 705 3596 signatur
720 3529 801 3584 cera
816 3508 950 3596 figuris,

186 3630 250 3674 nec
267 3621 383 3696 manet
397 3622 434 3678 ut
451 3616 574 3692 suerat,
593 3635 658 3684 nec
674 3615 803 3684 formas
817 3625 934 3683 servat
949 3614 1106 3701 easdem,
1192 3644 1244 3698 170

185 3717 248 3782 sed
262 3729 378 3790 tamen
391 3721 471 3807 ipsa·
486 3722 608 3791 eadem
623 3732 688 3799 est,
702 3721 855 3794 unimam
869 3720 922 3787 sic
936 3740 1074 3806 semper
1088 3720 1242 3803 eandem

185 3844 274 3903 esse,
293 3827 355 3894 sed
371 3828 406 3897 in
422 3826 536 3897 varias
552 3826 660 3902 doceo
676 3826 828 3913 migrare
843 3827 987 3915 figuras.

185 3952 326 4021 ergo-
338 3954 404 3999 nec
419 3932 528 4019 pietas
542 3934 587 4005 sit
602 3932 691 4011 victa
707 3931 870 4019 cupidine
885 3932 1070 4035 ventris-
