2709 4325
190 236 235 306 66
420 241 490 307 Tae
511 240 786 309 Enckantments
810 245 858 326 os
870 242 1021 308 Mco'ea·
1083 260 1246 331 [Muenna

104 495 106 499 .
190 438 365 607 multtaque
381 459 535 523 perpessr
526 438 645 503 claro
663 439 727 503 sub
739 438 868 503 l'asone
885 439 1023 503 tandem
1231 470 1248 527 5

42 512 52 557 ᾖ
111 530 178 561 *rm
228 516 275 563 37
291 520 300 560 ³

45 600 70 627 ,,,
127 586 137 616 ,4
155 605 157 615 ,
182 564 255 633 Ιοοη
257 524 405 629 tigerant
422 545 560 629 rapidas
576 544 687 609 liniosi
705 544 874 609 Phasidos
890 547 1012 609 undas.

236 649 397 737 Dumque
414 652 542 715 adeunt
557 672 688 769 regem,
704 625 923 737 Phrixeaque
936 652 1065 716 vellera
1082 652 1246 737 poscunt,

190 777 326 841 voxque
343 758 400 820 dat
388 767 442 819 tur
457 758 608 821 numeris
626 777 830 844 magnorum
849 759 1019 869 horrenda
1036 758 1209 834 laborum,

191 861 339 946 concipit
354 841 483 926 inteiea
498 862 630 927 validos
646 862 813 927 Aeetias
804 882 925 949 ignes,
963 917 966 922 .

191 968 364 1033 etluctata
382 968 453 1044 diu,
471 980 651 1055 postquam
669 969 798 1033 ratione
815 952 980 1035 furorem¹
1213 1002 1250 1041 10

190 1074 328 1139 vincere
345 1097 413 1139 non
431 1086 574 1159 poterat,
595 1074 772 1156 ‘Frustra
791 1074 934 1152 Medea,
952 1098 1149 1165 repugnas:

191 1180 307 1249 nescio
323 1183 399 1267 quis
417 1182 502 1245 deus
518 1181 646 1257 obstat'
662 1181 721 1257 ait,
742 1190 750 1221 ‘
765 1182 970 1269 mirumque,
988 1183 1053 1249 nisi
1070 1186 1137 1248 hoc
1153 1194 1221 1260 est,

192 1298 249 1351 aut
265 1287 394 1373 aliquid
412 1299 501 1351 certe
518 1288 629 1351 simile
646 1287 739 1362 huic,
758 1289 850 1374 quod
866 1300 988 1352 amare.
1002 1301 1155 1353 vocatur.

190 1414 271 1457 narn
289 1413 350 1458 cur
361 1393 459 1481 jussa
475 1394 580 1479 patris
597 1394 740 1458 nimium
759 1394 842 1457 mihi
859 1395 945 1459 dura
960 1386 1140 1459 videritur?

190 1510 269 1566 sunt
293 1506 429 1587 quoque
453 1501 539 1565 dura
563 1500 676 1565 nimis.
727 1498 813 1576 Cur,
838 1491 942 1587 quern
967 1500 1068 1569 modo
1092 1502 1249 1589 denique

325 1606 407 1683 vidi,
599 1664 601 1669 ,
883 1666 887 1669 .
1214 1641 1247 1697 15

189 1734 233 1779 ne
250 1725 379 1799 pereat,
398 1713 523 1781 timeo?
547 1736 636 1833 quae
652 1714 735 1780 tanti
753 1733 858 1781 causa
874 1688 1030 1783 timoris?

190 1832 312 1886 excute
328 1820 485 1907 virgineo
502 1834 686 1907 conceptas
703 1834 840 1907 pectore
856 1820 1028 1916 flammas,
1071 1843 1074 1850 ’

190 1926 218 1992 si
234 1939 342 2011 potes,
362 1927 493 1993 infelix.
543 1926 581 1992 Si
599 1950 749 2013 possem,
768 1928 883 1993 sanior
899 1948 1033 1994 essem·
1090 1942 1095 1953 ’
1114 1926 1119 1931 ’

189 2034 250 2099 sed
261 2046 390 2121 gravat
406 2034 547 2100 invitam
563 2057 651 2101 nova
667 2037 740 2109 vis;
766 2035 926 2122 aliudque
943 2035 1081 2120 cupido,

190 2136 287 2208 mens
304 2141 397 2207 aliud
413 2142 544 2208 suadet.
592 2142 705 2208 Video
722 2142 877 2217 meliora,
896 2142 1092 2263 proboque:
1209 2174 1249 2215 20

189 2247 357 2314 deteriora
373 2269 510 2337 sequor.
561 2247 681 2334 Quid
672 2270 707 2312 m
725 2248 870 2351 hospite,
889 2249 986 2335 regia
1002 2251 1141 2336 virgo,

188 2356 309 2432 ureris,
329 2368 362 2422 et
377 2358 546 2421 thalamos
565 2357 666 2420 alieni
684 2338 838 2442 coilcipis
855 2353 970 2420 orbis?

188 2462 276 2572 haec
300 2485 435 2550 quoque
461 2476 550 2528 terra
578 2474 700 2549 potest,
715 2464 817 2550 quod
840 2484 949 2538 arnes,
976 2462 1070 2526 dare.
1103 2459 1243 2537 Vivat,

324 2571 441 2636 anille
521 2641 524 2648 ,

187 2675 360 2752 occidat,
351 2699 387 2741 rn
404 2678 456 2742 dis
473 2687 535 2742 est.
584 2675 689 2742 Vivat
704 2688 840 2741 tamen:
851 2675 968 2762 idque
985 2673 1118 2760 precari

186 2784 285 2846 vel
259 2805 332 2848 sine
350 2805 465 2849 amore
482 2784 573 2848 licet
624 2782 719 2866 Qid
737 2785 827 2847 enim
845 2774 1015 2847 commisit
1031 2778 1164 2846 I'ason?
1208 2811 1242 2868 25

177 2882 302 2974 quem,
321 2890 385 2954 nisi
377 2888 591 2964 crudelem,
609 2912 678 2954 non
694 2901 814 2974 tangat
831 2887 964 2953 Iasonis
981 2900 1078 2952 aetas

186 3005 220 3058 et
235 3017 346 3082 genus
363 3006 396 3060 et
411 2995 475 3060 virt
463 2994 539 3062 tus?
563 3018 663 3082 quern
681 3018 764 3070 non,
781 3007 819 3058 ut
835 3008 947 3060 cetera
964 2994 1087 3069 desint,

186 3121 245 3164 ore
262 3123 399 3166 movere
417 3101 546 3186 potest?
570 3113 661 3166 certe
678 3123 754 3165 mea
772 3113 908 3186 pectora
925 3101 1041 3166 movit.
1074 3132 1078 3142 =

233 3207 303 3270 ‘At
318 3207 383 3271 nisi
400 3229 500 3292 opem
517 3209 638 3281 tulero,
657 3220 830 3272 taurorum
848 3207 1028 3271 adflabitur
1043 3223 1117 3281 ore,

185 3325 432 3398 concurretque
449 3335 532 3378 suae
549 3313 675 3400 segetis
692 3313 811 3377 tellure
829 3326 1001 3376 creatis
1010 3316 1122 3388 (334·
1113 3325 1168 3372 44
1207 3345 1242 3398 30

185 3417 352 3493 hostibus
372 3432 428 3484 aut
446 3420 546 3484 avido
564 3419 698 3483 dabitur
715 3393 786 3482 fera
803 3419 932 3503 praeda
950 3417 1104 3485 draconi.
1146 3425 1151 3434 '

185 3523 252 3588 hoc
268 3546 334 3611 ego
351 3525 379 3590 si
397 3499 518 3610 patiar,
537 3537 607 3588 tum
626 3546 681 3588 me
692 3525 740 3656 de
755 3524 878 3610 tigride
895 3536 1025 3599 natam,

184 3631 290 3664 *44-
352 3653 382 3658 ·’·
421 3632 580 3660 ········¹
804 3630 1106 3696 madesntebor.

1010 3736 1114 3799 'ndo
1176 3768 1181 3774 ·
