2709 4325
127 251 283 322 x111.7s.]
507 235 620 303 Clam
644 235 861 334 ‹p‘Ajaxg
941 278 945 284 -
1117 254 1183 323 ¹19

128 429 309 496 obtulimus
325 431 409 517 quia
427 437 499 498 nos'
509 432 553 499 ad
569 433 681 519 prima
696 434 862 519 pericula,
880 433 1010 500 simus?

169 550 179 578 ⁴
193 536 310 624 Atque
324 539 458 604 utinam
472 550 530 605 aut
541 561 643 605 verus
656 540 751 606 furor
763 540 834 616 ille,
846 552 904 606 aut
916 541 1064 606 creditus
1077 549 1179 615 esset,

127 665 188 710 nec
205 665 322 710 comes
337 645 398 709 hic
415 643 590 732 Phrygias
607 667 770 732 umquam
787 646 936 712 venisset
952 648 996 712 ad
1013 667 1116 714 arces*

128 751 276 816 hortator
292 750 487 816 scelerum!
513 774 581 817 nou
597 763 644 828 te,
661 751 829 818 Poeantia
845 754 972 839 proles,
1146 782 1180 838 45

128 857 320 943 expositum
337 856 493 922 Lemnos
508 869 624 923 nostro
640 879 720 923 cum
736 859 880 924 crimine
896 859 1058 925 haberet:

128 965 181 1052 qui
198 985 307 1040 nunc,
325 975 362 1029 ut
379 975 583 1039 memorant,
602 963 813 1030 silvestribus
829 965 965 1030 abditus
981 963 1101 1042 antris,

128 1093 210 1137 saxa
228 1092 348 1136 moves
363 1070 509 1158 gemitu,
524 1069 802 1158 Laertiadaeque
819 1070 972 1156 precaris

128 1199 213 1264 quae
231 1178 369 1255 meruit,
387 1179 498 1265 quae,¹
509 1175 537 1242 si
555 1176 699 1252 dieunt,
717 1198 787 1242 non
802 1198 893 1242 vana
909 1176 1072 1262 precaris.

127 1297 159 1350 et
173 1305 268 1350 nunc
283 1285 342 1350 ille
359 1287 481 1351 eadem
499 1283 598 1349 nobis
610 1283 745 1371 juratus
761 1283 797 1348 in
813 1304 923 1364 arma,
1147 1314 1181 1372 50

127 1390 214 1455 heu!
240 1413 323 1477 pars
338 1413 408 1456 una
425 1392 567 1466 ducum,
585 1412 653 1478 quo
669 1411 868 1456 successore
885 1389 1029 1477 sagittae
1118 1411 1133 1436 ·

128 1496 289 1564 Herculis
305 1510 458 1574 utuntur,
476 1498 604 1563 fractus
622 1499 809 1584 morboque
825 1496 984 1584 fameque
1025 1513 1038 1530 ·

125 1606 327 1691 velaturque
344 1605 513 1692 aliturque
531 1605 664 1680 avibus,
683 1604 909 1690 volucresque
926 1604 1073 1689 petendo

127 1712 239 1777 debita
256 1711 418 1800 Trojanis
435 1722 573 1778 exercet
589 1711 723 1798 spicula
739 1710 830 1786 fatis,

125 1819 180 1883 ille
196 1829 315 1889 tamen
332 1817 434 1895 vivit,
445 1818 525 1905 quia
542 1840 611 1884 non
628 1816 803 1884 comitavit
818 1817 961 1882 Ulixen.
1146 1846 1180 1904 53
1224 1850 1228 1859 =

170 1937 180 1966 ⁶
195 1925 322 1990 Mallet
338 1936 372 1990 et
387 1925 508 1990 infelix
523 1924 729 1991 Palamedes
746 1945 822 1990 esse
839 1925 998 1989 relictus:

126 2053 226 2118 quem
246 2032 338 2096 male
356 2031 502 2096 convicti
518 2032 661 2096 nimium
680 2052 813 2096 memor
826 2030 890 2096 iste
908 2030 1030 2096 furoris

126 2138 270 2223 prodere
288 2159 361 2203 rem
379 2138 539 2203 Danaam
556 2137 667 2214 finxit,
685 2139 871 2224 fictumque
887 2136 1044 2223 probavit

126 2246 269 2321 crimen,
288 2256 321 2309 et
337 2245 605 2331 ostenditquod
618 2244 690 2334 jam
709 2244 938 2330 praefoderat,
957 2265 1091 2311 aurum.
1143 2261 1179 2315 60

171 2351 291 2439 ‘Ergo
309 2362 367 2416 aut
383 2351 504 2417 exsilio
519 2352 609 2417 vires
626 2351 790 2417 subduxit
805 2350 966 2425 Achivis,

126 2467 183 2522 aut
198 2478 308 2523 nece:
332 2457 383 2522 sic
400 2469 546 2544 pugnat,
562 2458 612 2547 sinc
628 2469 680 2523 est
696 2458 899 2525 metuendus
915 2456 1051 2525 Ulixes.

125 2564 181 2649 qui
199 2564 280 2627 licet
296 2563 432 2648 eloquio
449 2564 554 2629 fidum
571 2585 707 2651 quoque
724 2563 873 2629 Nestora
890 2564 1018 2640 vincat,

125 2670 217 2734 haud
234 2669 504 2745 tamen'efficiet,
522 2670 693 2736 desertum
711 2683 747 2737 ut
764 2671 912 2738 Nestora
931 2672 1061 2740 crimen

124 2796 198 2840 esse
215 2795 295 2839 rear
311 2775 465 2841 nullum:
490 2776 643 2863 quicum
663 2777 862 2863 imploraret
880 2778 1007 2845 Ulixen
1141 2794 1176 2864 ⁶5

123 2882 265 2947 vulnere
282 2882 400 2946 tardus
417 2882 508 2969 equi,
527 2882 706 2970 fessusque
723 2884 888 2950 senilibus
904 2884 1017 2959 annis,

123 2988 277 3072 proditus
294 2988 424 3053 asocio
439 2998 503 3053 est.
550 2988 738 3056 Non‘haec
755 2991 839 3055 mihi
855 2991 999 3056 crimina
1015 2992 1115 3080 fingi.
1158 3028 1175 3041 ·⁴

124 3091 186 3157 scit
201 3094 292 3158 bene
308 3092 476 3179 Tydides,
494 3095 554 3182 qui
571 3090 710 3162 nomine
727 3118 831 3182 saepe
847 3109 1007 3163 vocatum

124 3198 296 3284 corripuit,
315 3199 514 3287 trepidoque
531 3202 651 3290 fugam
669 3204 889 3289 exprobravit
905 3204 1033 3270 amico..

9 3376 10 3407 r
124 3304 292 3389 aspiciunt
309 3306 417 3371 oculis
435 3310 549 3395 superi
566 3312 724 3377 mortalia
737 3311 858 3398 justis:
1142 3339 1178 3393 70

124 3431 165 3473 en
181 3422 262 3497 eget
279 3410 420 3489 auxilio,
440 3417 499 3504 qui
516 3415 585 3483 non
600 3418 698 3493 tulit;
721 3431 824 3504 utque
841 3416 988 3502 reliquit,

9 3594 11 3613 ὓ
123 3515 172 3581 sic
187 3516 394 3603 linquendus
411 3534 505 3589 erat:
531 3524 645 3611 legem
662 3522 726 3588 sibi
744 3524 877 3587 dixerat
893 3522 978 3607 ipse.

170 3621 399 3695 ‘Conclamat
416 3628 540 3695 socios.
589 3627 747 3703 Adsum3
772 3628 940 3714 videoque
956 3636 1156 3691 trementem

9 3714 10 3805 ζ
124 3728 384 3818 pallentemque
395 3745 486 3799 metu
504 3744 536 3798 et
552 3734 779 3818 trepidantem
795 3746 902 3797 morte
919 3733 1043 3796 sutura.

9 3838 10 3847 ’
123 3836 266 3922 opposui
286 3838 412 3907 molem
428 3838 544 3922 clipei,
562 3838 703 3923 texique
714 3838 901 3924 jacentem,
1140 3861 1173 3914 75

124 3943 326 4028 servavique
344 3942 495 4012 animam
512 3942 711 4029 (minimum
725 3951 775 4006 est
791 3942 857 4005 hoc
874 3938 1004 4016 laudis)
1018 3936 1171 3997 inertem.
