2709 4325
119 301 165 356 111.
177 298 237 373 88.]
407 284 518 373 Fight
541 285 629 352 wt'th
652 284 710 352 the
730 227 899 371 drogon.
1129 296 1173 367 35

114 488 145 545 ut
157 500 279 545 nemus
297 480 457 560 intravit,
474 482 648 569 letataque
664 502 809 567 corpora
824 479 922 556 vidit,
1140 506 1174 565 ςς

113 586 345 675 victoremque
363 609 470 673 supra
486 572 627 674 sp'atidsi
644 587 797 673 corporis
813 588 947 653 hostem

111 692 209 759 tristia
225 695 433 783 sanguinea
450 695 660 759 lambentem
675 692 970 782 vulneralingua,
1038 715 1081 747 υ
1097 715 1136 741 w
1165 714 1190 735 u

113 798 199 866 ‘Aut
213 801 310 868 ultor
326 811 481 875 vestrae,
498 800 666 866 fidissima
683 820 840 886 corpora,
856 798 991 873 mortis,

10 884 12 913 '
112 916 164 971 aut
178 926 301 975 comes
314 906 456 995 i’nquit
473 906 580 971 ‘ero.’
614 905 724 985 Dixit,
740 905 931 991 dextraque
947 893 1117 969 molarem

112 1014 254 1091 sustulit,
275 1025 313 1081 et
330 1034 500 1103 magnum
517 1032 647 1101 magno
662 992 845 1077 conamine
861 1009 963 1075 misit.
1136 1024 1174 1079 60

111 1118 197 1185 illius
211 1120 377 1207 impulsu
392 1141 473 1186 cum
488 1119 638 1184 turribus
655 1114 765 1183 ardua
780 1116 882 1183 oelsis

112 1227 247 1292 moenia
264 1239 365 1295 mota
380 1227 511 1293 forent:
537 1244 678 1311 serpens
695 1224 770 1289 sine
785 1223 929 1288 vulnere
944 1220 1082 1301 mansit,

112 1330 313 1421 loricaeque
329 1334 433 1401 modo
448 1332 602 1420 squamis
618 1330 795 1405 defensus,
811 1339 846 1395 et
861 1341 957 1395 atrae

114 1437 235 1506 duritia
252 1442 374 1527 pellis,
391 1440 526 1507 validos
542 1448 620 1504 cute
635 1436 785 1524 reppulit
799 1436 900 1502 ictus.

155 1544 202 1611 At
218 1569 294 1614 non
312 1547 436 1613 duritia
448 1546 604 1635 jaculum
619 1564 758 1633 quoque
772 1542 854 1608 vicit
869 1542 1007 1617 eadem,
1136 1553 1172 1625 ⁶5

117 1654 202 1738 quod
219 1654 340 1720 medio
356 1654 470 1719 lentae
486 1652 606 1738 spinae
622 1650 824 1717 curvamine
839 1650 951 1713 fixum

83 1824 87 1829 .
117 1760 276 1838 constitit,
296 1771 331 1826 et
345 1770 452 1825 totum
469 1759 646 1825 descendit
661 1758 698 1822 in
713 1758 773 1822 ilia
788 1755 932 1821 ferrum.

116 1862 183 1943 ille,
201 1867 325 1934 dolore
343 1866 452 1943 ferox,
471 1875 575 1953 caput
590 1865 625 1929 in
643 1884 706 1930 sua
720 1874 821 1951 terga
837 1859 983 1934 retorsit,

115 1972 330 2060 vulneraque
348 1973 493 2058 aspexit,
511 1957 688 2058 fixumque
705 1969 827 2035 hastile
843 1966 1042 2043 momordit,

117 2074 217 2167 idque
232 2080 294 2145 ubi
310 2078 344 2145 vi
361 2079 468 2145 multa
484 2070 616 2165 partem
632 2074 793 2143 labefecit
806 2076 843 2140 in
858 2094 1012 2150 omnem,

109 2186 173 2279 vix
187 2197 291 2276 tergo
307 2186 431 2272 eripuit
442 2208 451 2262 3
462 2185 603 2252 -serrum
619 2194 734 2250 tamen
750 2183 884 2250 ossibus
901 2180 1023 2248 haesit.

110 2294 186 2358 ‘tum
201 2315 288 2359 vero
303 2299 485 2381 postquam
502 2292 620 2358 solitas
636 2289 782 2356 accessit
797 2288 867 2356 ad
857 2309 928 2356 rras

119 2417 223 2466 causa
238 2421 374 2475 recens,
381 2398 504 2522 plenis
518 2408 716 2464 tumuerunt
732 2408 870 2486 guttura
884 2396 996 2473 venis,

120 2526 309 2594 spumaque
325 2473 505 2592 pestiferos
521 2503 725 2570 circumfluit
740 2502 857 2568 albida
871 2503 990 2580 ricms,

118 2621 276 2699 terraque
292 2633 372 2678 rasa
389 2621 488 2676 sonat
503 2610 669 2697 squamis,
687 2609 814 2696 quique
831 2608 965 2675 halitus
974 2607 1046 2674 exit

120 2739 174 2784 ore
191 2718 292 2808 niger
308 2716 448 2805 Stygio,
465 2717 599 2782 vitiatas
615 2715 723 2780 inficit
737 2736 852 2782 auras.

119 2825 191 2912 ipse
208 2826 312 2893 modo
328 2823 534 2890 immensum
551 2821 652 2908 spiris
667 2822 871 2889 facientibus
880 2823 1006 2889 ‘orbern

121 2932 280 3022 cingitur,
298 2915 469 2995 intei'dum
486 2929 590 3017 longa
607 2927 719 2993 trabe
718 2929 843 2994 rectior
857 2940 1025 3003 eustatt¹

119 3037 244 3124 impete
260 3056 389 3155 nunc÷
368 3045 466 3100 vasto
482 3055 545 3101 ceu
562 3035 716 3102 concitus
730 3033 897 3101 imbribus
914 3034 1026 3100 amnis

20 3177 22 3180 ·
119 3145 236 3221 fertur,
255 3154 289 3210 et
304 3115 477 3208 obstantes
492 3139 672 3228 proturbat
685 3154 823 3229 pectore
840 3142 955 3208 silvas.

157 3246 265 3317 Cedit
280 3247 516 3370 Agenorides
515 3249 671 3335 paulum,
689 3249 868 3336 spolioque
884 3246 993 3313 leonis

17 3382 20 3396 ’
119 3357 261 3426 sustinet
275 3355 447 3431 incursus,
465 3338 694 3442 instantiaque
710 3376 770 3422 ora
787 3356 937 3420 retardat
1002 3382 1006 3387 ·
1050 3371 1074 3384 ·’
1127 3347 1156 3412 a.
1175 3381 1180 3388 ·
1196 3360 1228 3410 ,ἃ

119 3463 259 3550 cuspide
276 3471 474 3547 praetenta.
498 3462 579 3527 furit
593 3461 666 3537 ille,
684 3472 718 3527 et
732 3461 850 3525 inania
866 3460 953 3525 duro
1001 3504 1005 3513 .

116 3571 262 3636 vulnera
278 3567 338 3632 dat
353 3568 457 3644 ferro,
473 3565 641 3656 figitque
632 3588 668 3630 m
685 3565 845 3630 acumine
860 3567 1001 3636 dentes;

114 3677 256 3766 jamque
272 3649 473 3740 venenifero
490 3669 640 3787 sanguis.
650 3689 792 3733 manare
807 3667 922 3750 palato

118 3790 294 3868 coeperat,
313 3789 347 3844 et
360 3777 487 3843 virides
504 3773 690 3859 aspergine
704 3772 853 3834 tinxerat
867 3766 1015 3828 herbas.

12 3931 15 3954 ·
116 3888 178 3954 sed
194 3888 275 3952 leve
288 3884 416 3952 ‚vulnus
433 3891 518 3956 erat,
532 3877 614 3963 quia
630 3895 667 3939 se
683 3871 878 3936 retrahebat
894 3867 937 3928 ab
952 3865 1034 3931 ictu,

116 3997 285 4079 laesaque
301 3989 392 4054 colla
408 3987 513 4057 dabat
525 3993 632 4053 retro,
649 3977 859 4060 plagamque
875 3967 996 4030 sedere
1078 4021 1084 4027 ,
1103 3999 1107 4004 -
