2709 4325
122 270 282 342 xv.139.]
306 250 379 318 Tae
408 250 604 322 Guz'ltund
629 249 772 337 Cruclty
795 251 843 335 of
857 248 1067 314 Bloodslred.
1116 267 1181 340 139

123 448 201 516 iecit
217 447 284 514 iter
301 447 438 514 sceleri.
486 446 670 534 Primaque
687 467 708 511 e
723 445 830 512 caede
847 445 997 510 ferarum
1072 507 1076 512 .

122 553 312 620 incaluisse
327 566 444 640 putem
461 555 670 618 maculatum
687 552 857 638 sanguine
874 550 1013 616 serrum.

124 661 226 750 idque
242 661 328 726 satis
338 660 473 724 luerat:
498 671 720 745 nostrumque
736 659 887 743 petentia
903 659 1009 724 letum

123 787 270 852 corpora
288 766 394 831 missa
411 765 487 832 neci
503 766 599 830 salva
617 765 740 850 pietate
758 763 925 839 laternum
1027 822 1031 828 .
1050 821 1056 830 .
1092 825 1099 832 .

123 875 183 940 sed
200 894 309 961 quam
325 871 441 937 danda
457 872 547 947 neci,
565 883 634 935 tam
652 892 722 935 non
739 871 913 954 epulanda
930 872 1079 940 suerunt.
1129 907 1179 946 110

168 977 357 1066 ‘Longius
372 979 452 1043 inde
469 976 567 1042 nefas
584 977 678 1052 abiit,
698 986 732 1041 et
747 975 858 1061 prima
876 991 1011 1064 putatur

123 1085 232 1152 hostia
249 1106 310 1150 sus
326 1084 492 1148 meruisse
508 1083 607 1159 mori,
625 1083 709 1169 quia
723 1082 855 1148 semina
871 1086 987 1170 pando

123 1190 249 1256 eruerit
262 1201 394 1266 rostro,¹
407 1209 572 1276 spemque
590 1189 808 1274 interceperit
824 1190 918 1256 anni.
945 1248 949 1252 .

123 1296 188 1362 vite
204 1317 313 1382 caper
329 1316 443 1360 morsa
461 1294 593 1361 Bacchi
610 1297 814 1362 mactandus
832 1299 876 1363 a'd
892 1319 975 1365 aras

122 1403 258 1469 ducitur
274 1402 415 1467 ultoris:
439 1400 555 1466 nocuit
570 1421 635 1465 sua
652 1403 755 1488 culpa
772 1405 917 1470 duobus.
1128 1438 1175 1494 ¹¹5

120 1508 202 1596 quid
220 1507 408 1583 meruistis
426 1527 522 1582 oves,
541 1507 718 1591 placidum
734 1530 853 1594 pecus,
870 1509 975 1598 inque
991 1513 1136 1578 tuendos

120 1627 239 1680 natum
256 1613 427 1690 homines,
446 1613 550 1699 pleno
565 1635 655 1700 quae
671 1614 815 1681 sertisin
832 1617 938 1682 ubere
953 1630 1083 1694 nectar,

119 1722 237 1788 mollia
254 1741 345 1808 quae
361 1715 609 1786 nobis'vestras
624 1722 799 1789 velamina
814 1723 913 1788 lanas
1124 1699 1133 1723 i

119 1819 306 1914 praebetis,
324 1826 463 1913 vitaque
480 1827 607 1914 magle,
625 1849 730 1915 quarn
748 1827 855 1894 morte
867 1827 1017 1916 juvatis?

118 1935 198 2021 quid
216 1955 378 2000 meruere
394 1934 513 2010 boves,
531 1933 661 1999 animal
678 1934 752 1999 sine
768 1935 889 2000 fraude
906 1934 1075 2023 dolisque,
1125 1969 1174 2007 120

117 2041 321 2118 innocuum,
340 2041 501 2125 simplex,
519 2051 638 2105 natum
654 2042 800 2106 tolerare
816 2041 973 2107 labores?

117 2146 369 2215 immemor²est
383 2147 545 2225 demumr
555 2169 620 2214 nec
635 2147 931 2235 frugum-munere
948 2147 1088 2237 dignus,

117 2256 175 2343 qui
192 2255 303 2341 potuit
318 2254 414 2320 curvi
432 2255 571 2341 dempto
586 2250 690 2320 modo
706 2255 857 2339 pondere
875 2255 977 2320 aratri
1061 2258 1065 2264 '

116 2362 304 2429 ruricolam
323 2372 474 2427 mactare
491 2382 606 2437 suurn,
624 2361 683 2446 qui
700 2361 776 2425 trita
793 2361 910 2427 labore

115 2468 191 2545 illa,
209 2469 335 2555 quibus
350 2468 474 2533 totiens
491 2467 615 2532 durum
634 2477 860 2531 renovaverat
875 2488 1009 2545 arvum,
1076 2514 1080 2524 1
1122 2499 1170 2582 ¹²5

115 2574 320 2641 condiderat
336 2594 479 2648 messes,
500 2573 668 2659 percussit
684 2573 774 2638 colla
790 2573 913 2638 securi.

163 2690 173 2721 ‘
188 2681 268 2747 Nee
283 2680 366 2753 satis
380 2691 444 2756 est,
461 2680 554 2767 quod
570 2680 639 2745 tale
654 2680 753 2744 nefas
768 2679 1006 2745 committitur·
1032 2681 1165 2788 ipsos

114 2786 323 2874 inscripsere
340 2784 423 2853 deos
439 2786 573 2862 sceleri,
593 2805 791 2872 numenque
807 2783 1038 2870 supernum

113 2895 224 2960 caede
240 2893 413 2959 laboriferi
431 2894 574 2959 credunt
589 2891 770 2980 gaudere
757 2892 909 2979 Juvenci

112 3000 255 3067 victima
272 3001 351 3067 labe
367 3021 489 3067 carens
506 3011 540 3067 et
555 2998 848 3087 praestantissima
866 2999 975 3063 forma
987 3036 1032 3049 -
1121 3022 1170 3086 130

113 3114 198 3172 nam
213 3107 388 3193 placuisse
400 3118 504 3174 nocet
514 3107 661 3173 —vittis
676 3104 871 3193 praesignis
886 3115 920 3169 et
935 3123 1020 3170 auro

114 3213 243 3279 sistitur
260 3224 339 3279 ante
355 3234 446 3291 aras,
465 3214 626 3302 auditque
642 3213 766 3301 ignara
782 3221 994 3297 precantem,

111 3316 316 3407 imponique
331 3342 415 3386 suae
430 3322 523 3388 videt
538 3322 624 3387 inter
640 3342 769 3387 cornua
786 3318 888 3385 fronti

113 3446 200 3511 quas
216 3425 334 3503 coluit,
352 3428 483 3516 fruges,
502 3450 734 3517 percussaque
752 3425 924 3516 sanguine
940 3426 1068 3492 cultros

112 3530 221 3597 inficit
235 3532 273 3597 iu
289 3533 419 3621 liquide
436 3536 619 3620 praevisos
628 3537 770 3602 forsitan
786 3537 893 3602 unda.
1119 3566 1129 3603 ι
1134 3564 1166 3617 35

112 3638 268 3723 protinus
284 3650 426 3725 ereptas
435 3641 560 3707 viventi
578 3654 715 3727 pectore
730 3644 836 3709 fibras
892 3659 895 3667 ·

112 3742 312 3831 inspiciunt,
331 3758 530 3833 mentesque
547 3748 648 3813 deum
665 3758 861 3813 scrutantur
876 3748 909 3813 in
926 3750 1005 3818 illis.

112 3852 205 3918 unde
221 3852 333 3917 fames
349 3852 480 3917 homini
495 3840 672 3917 vetitorum
690 3862 784 3917 tanta
800 3854 953 3919 ciborum
969 3854 1044 3921 est?

113 3958 247 4025 audetis
262 3957 370 4035 vesci,
389 3979 501 4046 genus
517 3957 550 4023 Ο
566 3957 732 4025 mortale?
755 3958 846 4044 quod
866 3960 963 4046 (oro)
