2709 4325
166 171 251 302 ⁴146
421 212 493 279 Tae
525 213 685 300 Worship
705 212 757 297 os
765 210 1008 301 AEsculapr'm·
1086 230 1235 302 [Murum

183 408 365 476 concilium
384 407 576 495 Graiosque
592 417 707 494 patres
724 407 853 485 adiere,
870 409 1072 496 darentque,
1182 426 1236 495 645

182 537 335 590 oravere,
356 516 473 592 deum,
492 515 550 600 qui
565 535 731 599 praesens
747 515 868 583 lunera
881 515 997 603 gentis
1042 538 1049 546 ·
1101 599 1104 603 ¹

181 623 277 710 finiat
291 621 493 687 Ausoniae:
519 632 629 685 certas
646 620 693 685 ita
709 620 823 686 dicere
840 634 961 688 sortes.

226 729 378 794 Dissidet
394 739 427 794 et
443 726 553 792 variat
567 727 757 802 sententia3
782 724 931 815 parsque
947 728 1149 822 negandurn

180 856 250 901 non
266 845 361 920 putat
378 834 566 908 auxilium
592 832 689 900 multi
705 833 864 909 retinere,
883 855 1050 925 suamque

180 960 250 1005 non
268 937 419 1006 emittere
435 958 550 1026 opem,
569 957 635 1008 nec
650 936 794 1006 numina
809 937 944 1008 tradere
960 939 1119 1008 suadent.
1181 953 1238 1032 65q

181 1047 262 1110 dum
279 1044 445 1122 dubitant,
465 1065 578 1113 seram
594 1044 759 1129 pepulere
772 1045 978 1129 crepuscula
991 1045 1121 1124 luceru,

179 1152 368 1240 umbraque
384 1151 515 1217 telluris
530 1151 692 1216 tenebras
706 1148 890 1220 induxerat
901 1149 1000 1217 orbir

179 1277 259 1320 cum
275 1257 360 1323 deus
375 1257 410 1322 in
428 1257 556 1323 somnis
572 1256 683 1342 opifer
698 1255 884 1322 consistere
898 1255 995 1322 visus

179 1372 257 1427 ante
273 1375 381 1440 tuum,
400 1363 575 1440 Romane,
593 1373 719 1438 torum,
738 1364 799 1428 sed
815 1363 927 1449 qualis
944 1363 979 1427 in
996 1361 1083 1438 aede

178 1490 254 1533 esse
271 1471 368 1545 solet,
386 1469 616 1556 baculumque
632 1480 754 1537 tenens
771 1480 907 1556 agreste
923 1469 1073 1545 sinistra,
1178 1483 1233 1554 655

178 1575 367 1644 caesariem
380 1576 509 1663 longae
526 1577 647 1644 dextra
662 1574 836 1646 deducere
851 1575 994 1653 baruae,
1060 1641 1064 1647 .

177 1691 210 1744 et
227 1682 362 1764 placido
378 1682 463 1749 tales
478 1681 632 1750 emittere
649 1691 788 1765 pectore
803 1702 928 1754 vocesr

224 1786 344 1852 ‘Pone
369 1798 500 1863 metus3
532 1785 684 1862 reniam.
709 1785 963 1875 simulacraque
985 1797 1103 1862 surra
1126 1785 1234 1857 wlin-

313 1915 437 1981 quamt
698 1907 703 1914 '

176 1999 269 2064 hunc
286 2001 386 2068 modo
402 2009 609 2084 serpentem.
627 1998 792 2070 baculum
808 1999 867 2087 qui
879 2002 1030 2074 nexibus
1045 1996 1167 2076 ambita

175 2105 345 2191 perspice,
360 2115 397 2171 et
410 2126 520 2193 usque
532 2115 617 2174 ‘nota
631 2105 723 2182 visu,
741 2116 779 2179 ut
791 2113 1006 2194 cognoscere
1021 2104 1154 2191 possins
1175 2119 1234 2179 ooo

174 2222 287 2275 vertar
303 2211 338 2275 in
356 2212 468 2287 hunc3
493 2212 556 2281 sed
574 2212 683 2299 major
698 2232 771 2288 cro.
790 2223 972 2299 tantusque
987 2212 1144 2291 videbor,

174 2316 210 2380 in
227 2328 392 2404 quantum
408 2318 535 2387 debent
550 2317 712 2389 caelestia
729 2338 874 2402 corpora
890 2317 1002 2392 verti?

158 2412 348 2508 'extemplo
364 2444 443 2507 curn
458 2444 543 2495 uoce
559 2424 658 2499 deus,
678 2443 758 2495 crim
773 2443 858 2495 voce
870 2423 1009 2511 deoque

174 2550 315 2594 somnus
329 2530 412 2604 abit,
431 2530 609 2616 somnique
624 2530 747 2616 sugam
761 2530 826 2601 lux
840 2530 934 2604 alma
947 2540 1067 2605 secuta
1082 2541 1148 2606 est

219 2633 360 2700 Postera
377 2635 528 2707 sidereos
546 2634 683 2707 Aurora
701 2638 884 2725 legaverat
899 2640 1020 2728 ignem
1171 2656 1231 2728 ὥς

172 2739 291 2805 incerti
309 2739 391 2827 quid
406 2752 526 2827 agant,
545 2762 706 2826 proceres
719 2744 767 2813 ad
784 2746 913 2831 templa
927 2746 1023 2833 petiti

173 2846 380 2915 conveniunt
395 2866 541 2931 operosa
554 2846 625 2922 dei.
641 2869 782 2936 quaque
798 2850 872 2936 ipse
888 2852 1015 2924 morari
1130 2922 1134 2927 .

172 2952 254 3020 sede
270 2952 362 3029 velit,
381 2951 490 3039 signis
507 2952 712 3024 caelestibus
727 2956 870 3033 iudicet,
884 2970 1001 3030 orant!

171 3057 230 3121 vix
245 3058 334 3127 bene
350 3058 535 3133 desierant,
555 3080 634 3129 curn
652 3062 762 3131 cristis
780 3085 905 3134 eructu
919 3066 999 3141 ultis
1039 3124 1060 3132 ,,

170 3162 206 3225 in
223 3174 381 3247 serpente
397 3163 481 3233 deus
498 3168 703 3249 praenuntia
717 3168 820 3239 sibila
833 3169 940 3244 misit.
967 3195 971 3200 ·
1137 3202 1141 3207 ·
1167 3190 1231 3258 670

172 3269 388 3355 adventuque
403 3291 465 3337 suo
480 3272 691 3360 signumque
705 3294 854 3360 arasque
868 3276 1029 3367 suumque
1099 3318 1104 3325 ·

172 3394 468 3463 marmoreumque
487 3379 598 3447 solutu
614 3378 824 3466 fastigiaque
840 3378 948 3451 aurea
959 3382 1084 3459 movit
1118 3448 1123 3453 .

170 3480 431 3568 pectoribusque
447 3495 547 3551 tenus
564 3484 679 3553 media
695 3484 851 3555 sublimis
864 3485 902 3557 iu
916 3487 1005 3557 aede

171 3584 328 3665 constitit,
348 3600 449 3675 atque
467 3589 586 3659 oculos
600 3589 809 3659 circumtulit
824 3589 906 3678 igne
921 3592 1102 3663 micantes.

213 3691 349 3763 Territa
366 3695 466 3761 turba
483 3706 604 3779 pavet:
628 3696 791 3782 cognovit
805 3696 949 3768 numina
963 3707 1076 3769 castos
1165 3717 1228 3797 ⁶75

168 3798 322 3866 evinctus
339 3802 422 3865 vitta
438 3800 551 3869 crines
567 3801 704 3867 albente
719 3802 894 3877 sacerdos,

168 3918 201 3970 et
219 3917 227 3946 ‘
243 3906 339 3972 Deus
356 3905 420 3971 eni
445 3906 530 3973 deus
547 3905 611 3973 eni
634 3906 760 3974 nuituis
775 3906 972 3996 linguisque
985 3907 1113 3987 urere,
