2709 4325
173 265 221 355 84
287 317 290 321 .
472 266 543 333 Tre
572 267 790 355 Calydonian
812 266 928 334 Hunt.
1080 286 1227 358 [Menan.

172 484 239 529 nec
255 484 372 529 mora:
396 464 479 535 dum
495 464 617 540 saevit¹
635 464 719 540 dum
734 485 879 550 corpora
893 474 1009 534 versat
1023 462 1064 535 in
1076 467 1210 545 orbern,

174 569 439 657 stridentemque
456 592 545 640 novo
561 586 721 655 spumam
737 591 817 638 cum
834 570 1005 657 sanguine
1020 571 1146 649 fundit,

173 675 323 741 vulneris
340 688 458 742 auctor
475 677 584 752 adest,
604 678 808 763 hostemque
820 676 929 747 irritat
944 677 990 744 ad
1005 676 1107 754 iram,

174 781 421 869 splendidaque
438 784 603 851 adversos
617 784 789 850 venabula
806 782 922 852 condit
936 782 972 850 in
989 803 1117 852 armos.

173 888 301 976 gaudia
317 898 482 955 testantur
497 889 583 955 socii
598 889 750 956 clamore
764 889 930 965 secund),
948 952 952 958 .
1136 901 1140 909 '
1172 921 1231 975 420

172 994 414 1081 victricemque
431 1006 549 1080 petunt
565 996 708 1065 dextrae
719 994 935 1082 conjungere
951 996 1121 1061 dextram.

173 1081 431 1187 immanemque
445 1100 555 1168 serum
572 1102 685 1173 multa.
694 1102 816 1171 tellure
828 1100 1025 1187 jacentem
1042 1143 1046 1151 .
1067 1142 1072 1151 -

174 1207 335 1300 mirantes
352 1218 526 1292 spectant3
551 1229 662 1294 neque
680 1208 794 1277 adhuc
810 1207 1014 1295 contingere
1028 1218 1137 1279 tutum

172 1333 248 1379 esse
265 1323 398 1398 putant,
415 1313 478 1386 sed
492 1314 561 1385 tela
570 1324 692 1384 tamen
707 1334 771 1387 sue
785 1312 935 1407 quisque
950 1324 1143 1382 cruentat<-
1230 1346 1233 1351 -
1337 1389 1338 1406 χ

172 1418 246 1505 ipse
262 1419 352 1506 pede
366 1418 526 1505 imposito
541 1429 644 1505 caput
658 1418 835 1495 exitiabile
848 1421 987 1505 pressit,
1106 1450 1225 1508 -425
1337 1415 1338 1424 ’

173 1537 274 1613 atque
290 1526 358 1592 itar
384 1524 514 1605 ‘Sume
531 1526 598 1591 mei
615 1525 778 1611 spolium,
795 1524 986 1601 Nonacria,
1001 1525 1108 1613 juris’

173 1633 258 1699 dixit
275 1644 331 1699 ‘et
346 1632 380 1697 in
398 1643 528 1719 partem
545 1632 660 1699 veniat
676 1652 754 1707 mea
770 1632 882 1720 gloria
897 1630 1037 1700 tecum·’

172 1740 325 1826 protinus
342 1740 497 1815 exuvias,
516 1738 636 1827 rigidis
653 1738 825 1808 horrentia
841 1739 944 1809 saetis
992 1808 996 1812 ,

172 1857 270 1937 terga
285 1847 356 1923 dat,
375 1857 409 1911 et
424 1846 561 1935 magnis
578 1844 728 1933 insignia
743 1845 904 1915 dentibus
918 1860 992 1911 ora.
1105 1908 1108 1916 f
1229 1860 1233 1867 ·

217 1953 272 2020 Illi
288 1953 437 2019 laetitiae
452 1964 503 2019 est
519 1972 596 2018 curn
615 1972 758 2020 munere
775 1952 925 2019 muneris
941 1963 1059 2033 auctor
1069 1974 1086 2029 ς.
1171 1985 1234 2040 430·

170 2059 325 2127 invidere
341 2060 414 2135 alii,
430 2071 568 2146 totoque
584 2070 657 2123 erat
673 2059 813 2146 agmine
829 2080 999 2129 murmur.

171 2169 330 2256 equibus
345 2169 477 2257 ingenti
493 2170 671 2237 tendentes
687 2167 851 2234 bracchia
867 2189 953 2236 voce

173 2275 291 2341 ‘Pone
307 2296 388 2363 age,
406 2295 471 2342 nec
486 2276 600 2343 titulos
615 2274 796 2361 intercipe,
813 2274 956 2368 femina,
972 2273 1122 2343 nostros’

169 2381 381 2474 Thestiadae
397 2383 563 2460 clamant,
582 2392 591 2422 ⁴
606 2393 721 2448 necte
736 2381 866 2450 fiducia
881 2381 1018 2449 formae
1126 2418 1130 2427 ‚

171 2487 331 2573 decipiat,
350 2508 396 2554 ne
409 2489 452 2555 sit
467 2489 572 2578 longe
587 2487 648 2554 tibi
664 2499 785 2573 captus
801 2507 920 2553 amore
1169 2517 1227 2574 435

171 2605 288 2660 auctor
298 2595 326 2657 'r
351 2604 385 2660 et
400 2594 481 2664 huic
497 2595 651 2660 adimunt
667 2615 807 2670 munus,
818 2593 877 2682 jus
893 2593 1043 2661 muneris
1059 2593 1123 2660 illi.

170 2723 240 2766 non
255 2701 342 2778 tulit,
360 2712 394 2766 et
407 2701 537 2766 tumida
554 2701 716 2769 frendens
733 2699 925 2768 Mavortius
941 2702 1006 2778 ira,

172 2817 180 2848 ‘
194 2807 339 2882 Discite,
355 2818 508 2892 raptores
525 2807 646 2872 alieni'
661 2806 749 2874 dixit
766 2818 775 2848 ‘
788 2808 941 2883 honoris,

170 2914 259 2978 facta
277 2912 378 2980 minis
395 2924 559 3000 quantum
576 2913 701 2979 distent
712 2914 740 2988 ;'
756 2913 938 3000 hausitque
955 2913 1129 2980 nefando·
1185 2970 1189 2979 .

170 3031 309 3105 pectora
325 3019 498 3106 Plexippi,
516 3019 565 3084 nii
580 3021 648 3086 tale
664 3019 832 3096 timentia,
850 3007 952 3088 serto.
1061 3028 1067 3086 ἶ
1168 3053 1225 3106 440

169 3125 304 3201 Toxea‚
322 3125 404 3212 quid
421 3124 524 3191 faciat
539 3125 696 3201 dubium,
713 3127 905 3214 pariterque
920 3128 1093 3194 volentem
1239 3123 1243 3129 ’

169 3231 288 3297 ulcisci
306 3232 448 3302 fratrem,
461 3233 682 3318 fraternaque
693 3232 764 3300 sata
780 3233 969 3307 timentem,
1022 3291 1030 3303 ,
1080 3308 1082 3311 ¹

170 3338 264 3403 haud
280 3339 404 3424 patitur
420 3339 576 3404 dubitare
593 3339 665 3415 diu,
684 3340 903 3426 calidumque
919 3341 1025 3426 priori
1057 3401 1061 3404 .

170 3445 277 3510 caede
293 3444 466 3512 recalfecit
482 3446 629 3514 consorti
646 3446 815 3534 sanguine
831 3447 950 3512 telum.

215 3551 317 3616 Dona
334 3552 436 3617 deum
452 3543 601 3638 templis,
620 3563 700 3620 nato
716 3553 857 3629 victore,
875 3554 1018 3628 ferebat,
1170 3585 1225 3642 445

170 3677 248 3722 curn
265 3657 357 3724 videt
374 3658 557 3724 exstinctos
574 3659 695 3724 fratres
711 3658 860 3724 Althaea
876 3660 1008 3725 referri.

170 3785 258 3851 quae
275 3765 442 3852 plangore
459 3765 539 3830 dato
556 3765 693 3830 maestis
709 3765 918 3832 clamori-bus
934 3767 1056 3832 urbem

169 3870 301 3955 implet,
319 3882 353 3938 et
368 3871 495 3938 auratis
512 3871 655 3935 mutavit
667 3871 819 3938 vestibus
835 3884 939 3937 atras.

170 3986 205 4042 at
220 3975 320 4045 simul
337 3988 387 4044 est
403 3988 522 4044 auctor
538 3977 632 4044 necis
649 3975 773 4054 editus,
792 3976 922 4044 excidit
934 3979 1048 4044 omnis
