2709 4325
128 264 182 319 111.
203 266 317 338 10‚32.]
414 233 544 314 Wialrr
568 247 694 315 Sernes
717 252 754 316 in
785 251 931 319 Thrace.
1117 268 1180 342 177

264 463 297 526 3.
335 442 467 508 Wr'nm
489 443 615 509 Sernes
639 447 675 510 r'n
707 445 843 512 Thrace
870 448 937 538 (iil.
960 450 1038 539 ιο).

125 655 317 801 SIQUIS
336 657 451 722 adhuc
466 656 541 723 istic
558 657 712 724 meminit
727 659 879 728 Nasonis
898 663 1065 752 adempti,
1113 707 1116 710 ·
1161 704 1165 711 ·

225 763 270 828 Et
286 775 441 849 superest
456 763 530 830 sine
546 785 602 830 me
618 785 745 831 nomen
761 767 796 832 in
813 767 909 835 Urbe
927 786 1057 850 meum,

125 868 347 956 Suppositum
364 870 469 935 stellis
486 891 673 957 numquam
690 875 912 961 tangentibus
932 890 1060 966 aequor
1116 921 1127 941 .

13 1049 14 1056 ἵ
168 976 228 1041 Me
245 977 383 1043 sciatin
400 977 513 1042 media
529 977 646 1043 vivere
663 979 838 1047 barbarie.
938 1027 941 1034 -

13 1071 14 1082 ¹
125 1082 351 1152 Sauromatae
367 1084 613 1172 cingunt‚,fera
631 1102 731 1174 gens,
752 1083 921 1178 Bessique
940 1091 1132 1180 Getaeque,
1163 1125 1177 1183 5

169 1189 285 1276 Qam
303 1213 371 1257 uon
387 1187 529 1280 ingenio
545 1193 686 1258 nomina
704 1195 812 1283 digna
830 1197 929 1264 meo!

124 1297 216 1363 Dum
233 1309 349 1386 tamen
364 1320 448 1363 aura
464 1310 569 1386 tepet,
588 1301 938 1392 medio—defendimur
954 1305 1095 1372 Histro:

167 1406 230 1473 Ille
248 1407 317 1472 suis
335 1407 483 1494 liquidus
501 1408 592 1472 bella
609 1408 745 1494 repellit
762 1411 873 1497 aquis.

124 1512 171 1579 At
186 1536 265 1580 cum
282 1515 385 1580 tristis
401 1514 536 1600 hiemps
553 1517 744 1602 squalentia
760 1518 899 1603 protulit
913 1538 987 1596 ora,

166 1621 347 1708 Terraque
364 1643 557 1688 marmoreo
574 1623 723 1688 candida
739 1624 829 1689 facta
845 1627 928 1712 gelu
943 1635 1007 1702 est,

125 1727 217 1795 Dum
233 1741 325 1796 vetat
340 1741 373 1794 et
388 1727 519 1794 Boreas
536 1740 569 1794 et
584 1730 645 1794 nix
662 1731 818 1796 habitare
835 1733 898 1797 sub
915 1731 1036 1807 Arcto,

166 1837 262 1902 Tum
276 1837 395 1922 liquet,
413 1825 477 1901 'has
495 1847 616 1923 gentes
633 1857 701 1904 axe
715 1847 883 1903 tremente
898 1839 1023 1924 premi.

125 1939 197 2008 Nix
209 1943 313 2032 jacet,
332 1953 365 2012 et
381 1943 531 2031 glaciem
548 1963 612 2007 nec
628 1944 679 2009 sol
696 1944 878 2028 pluviaeve
895 1946 1085 2021 resolvunt,

169 2049 312 2115 Indurat
327 2047 458 2118 Boreas
474 2061 745 2137 perpetuamque
762 2050 864 2127 facit3

126 2153 220 2246 Ergo
235 2157 296 2222 ubi
311 2156 450 2223 delicuit
465 2157 618 2222 nondum
634 2157 867 2242 pri0r‚‘'altera
884 2156 990 2236 venit,
1112 2167 1115 2172 ’

169 2264 214 2329 Et
229 2264 315 2330 solet
330 2264 365 2328 in
382 2263 496 2327 multis
511 2264 605 2328 bima
623 2284 763 2329 manere
779 2265 876 2330 locis.

125 2371 307 2457 Tantaque
322 2369 483 2435 commoti
499 2370 551 2435 vis
566 2380 618 2435 est
634 2368 830 2456 Aquilonis,
850 2383 888 2436 ut
905 2372 991 2437 altas

169 2475 308 2564 Aequet
323 2477 428 2541 humo
443 2486 553 2541 turres
570 2486 727 2562 tectaque
742 2489 840 2562 rapta
858 2478 957 2542 ferat.

127 2581 278 2649 Pellibus
295 2594 329 2648 et
343 2582 426 2648 sutis
443 2593 560 2647 arcent
576 2583 668 2646 mala
685 2582 816 2669 frigora
829 2583 981 2661 braccis,

170 2689 310 2777 Oraque
326 2690 370 2754 de
385 2700 454 2755 toto
471 2708 613 2773 corpore
631 2689 705 2753 sola
721 2700 849 2773 patent.

128 2794 241 2884 Saepe
257 2807 381 2863 sonant
395 2796 478 2861 moti
494 2794 607 2883 glacie
624 2796 795 2880 pendente
812 2795 942 2882 capilli,

172 2904 215 2969 Et
231 2904 314 2969 uitet
329 2902 467 2968 inducto
483 2901 632 2967 candida
648 2901 757 2967 barba
774 2903 869 2987 gelu.

127 3010 301 3098 Nudaque
317 3008 516 3083 consistunt,
536 3008 683 3073 formam
700 3008 871 3074 servantia
886 3019 1008 3085 testae,

170 3119 278 3194 Vina,
297 3137 362 3183 nec
378 3118 500 3182 hausta
517 3114 615 3191 meri,
635 3115 696 3181 sed
712 3115 793 3180 data
808 3116 915 3183 frusta
930 3116 1063 3183 bibunt.

129 3225 222 3311 Qud
239 3226 373 3315 loquar,
390 3235 429 3289 ut
442 3223 547 3289 vineti
563 3232 789 3288 concrescant
804 3222 931 3309 frigore
947 3221 1025 3298 rivi,

172 3334 294 3421 Deque
311 3334 389 3397 lacu
405 3330 547 3419 fragiles
564 3328 771 3395 effodiantur
787 3327 922 3416 aquae?

13 3510 14 3515 ,
128 3440 219 3528 Ipse,
237 3439 433 3527 papyrifero
449 3438 507 3526 qui
523 3450 593 3510 uon
610 3437 787 3525 angustior
802 3456 905 3504 amne
932 3451 934 3457 ’

172 3549 340 3615 Miscetur
354 3558 450 3612 vasto
467 3546 574 3613 multa
590 3564 651 3631 per
667 3565 728 3609 ora
745 3544 843 3620 fretu,

129 3654 317 3722 Caeruleos
333 3653 442 3719 ventis
458 3652 577 3717 latices
594 3652 810 3727 durantibus,
831 3649 949 3716 Hister

173 3760 358 3848 Congelat,
377 3769 410 3825 et
425 3759 520 3825 tectis
537 3758 573 3822 in
592 3778 686 3821 mare
702 3757 807 3843 serpit
824 3758 934 3846 aquis.

131 3864 278 3953 Ouaque
295 3876 385 3933 rates
401 3864 523 3939 ierant,
541 3863 685 3949 pedibus
703 3884 795 3927 nunc
810 3864 888 3938 itur,
907 3873 940 3927 et
954 3862 1066 3927 undas

173 3973 319 4060 Frigore
335 3981 513 4037 concretas
529 3968 661 4055 ungula
678 3969 793 4053 pulsat
808 3968 908 4054 equi3
