2709 4325
127 269 272 340 X11.73.]
457 253 528 322 The
550 253 672 321 House
695 257 744 340 of
755 255 879 324 Fame.
1120 277 1183 339 113

128 449 361 536 caelestesque
380 451 517 538 plagas,
535 451 677 537 triplicis
694 452 844 517 confinia
861 453 1001 518 mundi:
1147 485 1184 535 40

126 557 217 622 unde
234 557 327 642 quod
344 567 400 622 est
412 578 570 644 usquam,
587 557 746 644 quamvis
761 558 960 644 regionibus
978 558 1077 634 absit,

126 661 317 748 inspicitur,
336 674 559 750 penetratque
575 685 681 730 cavas
697 686 766 729 vox
781 664 892 728 omnis
909 665 954 729 ad
971 686 1083 730 aures.

127 769 219 832 sama
235 779 342 843 tenet,
360 789 565 855 summaque
581 770 722 836 domum
739 769 803 834 sibi
819 770 905 857 legit
919 770 956 834 in
973 791 1075 845 arce,

126 875 395 962 innumerosque
413 875 523 940 aditus
540 895 582 940 ac
598 876 694 942 mille
709 875 877 940 foramina
893 874 991 942 tectis

128 982 271 1066 addidit,
290 994 324 1046 et
339 980 441 1046 nullis
458 981 595 1046 inclusit
610 982 731 1046 limina
747 981 865 1067 portis.
1146 1012 1180 1069 45

128 1100 226 1155 nocte
243 1086 367 1175 dieque
384 1098 495 1174 patet:
519 1098 588 1152 tota
606 1098 716 1152 estex
733 1108 812 1154 aere
829 1089 987 1164 sonanti;

128 1206 193 1261 tota
211 1195 339 1271 fremit,
356 1215 526 1282 vocesque
543 1193 657 1268 refert,
677 1194 856 1281 iteratque,
874 1197 966 1281 quod
984 1195 1099 1271 audit;

127 1303 219 1367 nulla
239 1303 338 1389 quies
355 1302 456 1378 intus,
473 1301 636 1387 nullaque
654 1300 788 1364 silentia
805 1312 913 1385 parte.

127 1431 191 1474 nec
207 1419 324 1474 tamen
341 1418 392 1474 est
408 1409 550 1482 clamor,
570 1407 630 1472 sed
647 1427 775 1491 parvae
793 1428 968 1474 murmura
986 1409 1101 1475 vocis:

127 1517 243 1603 qualia
260 1516 304 1581 de
320 1515 449 1604 pelagi,
468 1514 588 1600 siquis
606 1513 725 1599 procul
742 1512 870 1588 audiat,
890 1514 991 1579 undis
1146 1547 1179 1600 50

126 1644 201 1688 esse
218 1624 350 1696 solent;
375 1623 555 1709 qualemve
572 1641 708 1694 sonum,
727 1639 805 1685 curn
818 1617 976 1705 Juppiter
992 1632 1084 1687 atras
1171 1653 1175 1658 ·

126 1729 295 1816 increpuit
312 1730 434 1804 nubes,
453 1738 607 1794 extrema
623 1727 771 1792 tonitrua
787 1725 945 1790 reddunt.
1138 1807 1141 1811 1

127 1837 211 1902 atria
228 1835 328 1901 turba
345 1845 457 1901 tenet:
480 1834 622 1900 veniunt
637 1835 713 1899 leve
729 1833 867 1920 vulgus,
887 1844 1058 1919 euntque3
1108 1892 1111 1898 ,

126 1943 302 2030 mixtaque
318 1963 397 2007 cum
414 1942 503 2008 veris
520 1940 647 2027 passim
665 1951 858 2006 commenta
874 1951 1045 2026 vagantur
1119 2003 1123 2008 .

126 2051 219 2115 milia
236 2070 426 2125 rumorum,
446 2049 656 2133 confusaque
672 2049 777 2112 verba
794 2046 959 2112 volutant.
1145 2077 1178 2133 55

126 2157 285 2246 equibus
302 2156 337 2222 hi
354 2176 482 2245 vacuas
498 2154 642 2242 implent
657 2153 873 2220 sermonibus
890 2175 1003 2230 aures,
1025 2184 1030 2193 ·
1073 2214 1077 2218 ,

126 2266 159 2330 hi
176 2266 316 2330 narrata
334 2264 446 2328 ferunt
462 2262 542 2338 alio,
561 2280 791 2347 mensuraque
807 2260 876 2327 ficti

127 2371 260 2446 crescit,
279 2381 312 2435 et
329 2369 451 2435 auditis
468 2369 596 2456 aliquid
613 2390 723 2433 novus
740 2368 843 2432 adicit
859 2379 988 2435 auctor.

126 2476 194 2543 illic
210 2476 423 2551 Credulitas,
440 2476 509 2541 illic
526 2473 728 2539 temerarius
744 2473 861 2548 Error,

125 2604 283 2669 vanaque
300 2581 448 2647 Laetitia
464 2592 527 2656 est,
546 2580 820 2667 consternatique
836 2580 1010 2658 Timores,
1029 2575 1032 2578 ’
1141 2598 1179 2653 60

125 2688 325 2775 Seditioque
340 2708 473 2763 recena,
492 2687 664 2773 dubioque
681 2698 818 2753 auctore
834 2686 987 2754 Susurri.

125 2796 197 2882 ipsa
214 2790 298 2883 quid
315 2794 349 2860 in
367 2794 463 2859 caelo
479 2815 594 2859 rerum
610 2793 803 2881 pelagoque
821 2807 961 2883 geratur

126 2914 157 2967 et
171 2903 307 2977 tellure,
326 2901 431 2988 videt,
450 2910 623 2987 totumque
640 2899 780 2987 inquirit
795 2900 830 2966 in
847 2903 979 2968 orbem.

167 3009 315 3075 Fecerat
332 3008 419 3073 haec
434 3018 564 3082 notum,
583 3005 708 3072 Graias
726 3006 802 3072 cum
821 3008 925 3072 'milite
942 3007 1018 3072 forti

126 3118 312 3182 adventare
328 3126 438 3187 rates3
463 3134 574 3201 neque
592 3113 846 3200 inexspectatus
861 3114 898 3177 in
915 3115 1019 3179 armis
1142 3131 1176 3201 65

125 3222 230 3288 hostis
247 3221 356 3286 adest.
404 3219 592 3286 Prohibent
609 3223 733 3293 aditus,
753 3222 899 3308 litusque
915 3233 1052 3285 tuentur

123 3328 255 3403 Troes3
281 3339 314 3393 et
331 3327 503 3393 Hectorea
520 3329 651 3415 primus
668 3328 815 3392 fataliter
833 3328 943 3403 hasta,

124 3434 324 3509 Protesilai,
343 3435 450 3511 cadis,
470 3435 723 3519 commissaque
740 3433 870 3519 proelia
888 3455 1017 3520 magno

124 3553 212 3606 stant
229 3540 375 3617 Danais,
395 3542 557 3627 sortisque
575 3539 711 3603 animae
728 3560 813 3603 nece
830 3539 989 3626 cognitus
1007 3538 1148 3603 Hector.

123 3668 187 3714 nec
203 3647 364 3737 Phryges
383 3648 523 3735 exiguo,
542 3646 624 3733 quid
640 3643 798 3709 Achaica
814 3645 955 3709 dextera
973 3657 1101 3729 posset,
1140 3674 1175 3727 70

123 3754 294 3843 sanguine
311 3763 503 3819 senserunt.
552 3751 596 3816 Et
608 3750 681 3837 jam
698 3749 805 3837 Sigea
822 3750 990 3813 rubebant

121 3861 242 3935 litora3
264 3860 338 3949 jam
354 3859 421 3923 leto
438 3858 552 3943 proles
567 3855 756 3940 Neptunia,
775 3854 922 3940 Cygnus

121 3968 217 4034 mille
233 3966 326 4031 viros
342 3965 505 4038 dederat3
525 3963 598 4051 jam
616 3981 718 4025 curru
733 3960 880 4025 instabat
895 3958 1065 4031 Achilles,

636 4090 653 4141 8
