2709 4325
186 290 248 337 112
508 269 579 337 The
608 271 726 356 Cht‘efs
748 280 788 336 at
816 270 922 357 Troy.
1092 288 1237 360 [Marna.

184 468 293 533 attulit
309 468 344 532 in
360 466 519 555 patriam,
538 468 804 556 conjurataeque
821 481 1008 555 sequuntur

183 577 276 640 mille
292 587 395 651 rates,
414 573 593 662 gentisque
610 575 712 639 simul
728 596 911 639 commune
927 574 1110 663 Pelasgae.

182 703 247 746 nec
263 682 367 746 dilata
384 681 470 746 foret
484 681 646 756 vindicta,
664 680 730 745 nisi
748 702 898 768 aequora
914 681 1009 746 saevi

181 788 274 852 invia
288 787 448 853 fecissent
463 787 567 863 venti,
587 787 784 875 Boeotaque
800 788 901 854 tellus

182 895 310 960 Aulide
327 895 462 981 piscosa
479 916 612 980 puppes
628 895 793 959 tenuisset
808 894 927 961 ituras.
1207 933 1239 971 10

229 1003 298 1068 Hic
313 1003 423 1088 patrio
440 1003 482 1068 de
500 1025 592 1068 more
604 1002 682 1089 Jovi
699 1024 779 1067 cum
797 1025 897 1069 sacra
913 1019 1104 1091 parassent,

182 1121 219 1174 ut
235 1121 332 1174 vetus
349 1108 504 1174 accensis
521 1109 698 1174 incanduit
713 1109 852 1196 ignibus
868 1107 942 1188 ara,

183 1237 321 1300 serpere
338 1217 535 1280 caeruleum
553 1215 668 1279 Danai
685 1214 801 1281 videre
819 1216 1003 1284 draconem

183 1322 218 1386 in
235 1323 427 1408 platanum,
446 1321 574 1406 coeptis
591 1343 681 1407 quae
698 1323 810 1388 stabat
825 1325 983 1410 proxima
1000 1327 1119 1415 sacris.

183 1428 284 1493 nidus
301 1442 374 1492 erat
389 1429 566 1492 volucrum
584 1427 636 1492 bis
653 1441 812 1515 quattuor
829 1432 950 1496 arbore
967 1455 1114 1508 summa,
1205 1464 1236 1520 15

183 1555 269 1621 quas
286 1535 387 1599 simul
405 1545 438 1598 et
453 1545 595 1599 matrem
614 1535 742 1600 circum
759 1557 821 1600 sua
838 1538 964 1602 damna
981 1540 1152 1605 volantem

183 1642 346 1727 corripuit
363 1663 517 1727 serpens,
537 1643 707 1729 avidaque
726 1645 940 1710 abscondidit
957 1628 1046 1711 aluo.

183 1751 389 1835 obstupuere
405 1770 537 1814 omnes.
585 1749 633 1814 At
651 1749 720 1814 veri
737 1751 899 1834 providus
916 1773 1029 1839 augur

183 1857 408 1922 Thestorides
426 1857 655 1922 ‘Vincemus’
670 1857 730 1932 ait,
750 1858 934 1944 ‘gaudete,
954 1858 1114 1948 Pelasgi:

178 1963 290 2051 Troja
307 1965 427 2038 cadet3
452 1965 513 2029 sed
529 1964 592 2028 erit
607 1949 712 2029 nostri
731 1965 948 2052 moralonga
965 1967 1090 2030 laboris
1102 1967 1133 2041 3’
1204 2001 1239 2038 20

185 2081 286 2157 atque
303 2089 427 2136 novem
444 2071 600 2136 volucres
616 2069 652 2132 in
668 2069 751 2134 belli
768 2070 893 2158 digerit
909 2093 1030 2136 annos.

184 2179 255 2253 ille,
273 2189 311 2243 ut
326 2190 411 2254 erat,
428 2176 555 2242 virides
572 2178 752 2267 amplexus
768 2178 804 2241 in
821 2179 942 2243 arbore
958 2200 1073 2245 ramos

183 2286 221 2351 fit
236 2286 338 2373 lapis,
357 2297 390 2352 et
405 2298 544 2371 superat
560 2284 726 2369 serpentis
743 2284 895 2373 imagine
912 2307 1048 2351 saxum.

230 2392 415 2458 Permanet
430 2392 553 2459 Aoniis
569 2390 706 2457 Nereus
721 2390 890 2458 violentus
907 2393 943 2456 in
958 2394 1072 2470 undis,

183 2499 344 2587 bellaque
360 2522 429 2565 non
446 2498 625 2572 transfert3
651 2508 685 2563 et
701 2507 790 2573 sunt,
809 2498 867 2585 qui
884 2520 1026 2585 parcere
1041 2501 1173 2590 Trojae
1205 2532 1237 2588 25

134 2646 137 2651 -
184 2605 386 2693 Neptunum
405 2610 558 2683 credant,
577 2608 658 2695 quia
677 2607 811 2672 moenia
828 2608 955 2673 fecerat
971 2609 1058 2673 urbi.

186 2724 220 2778 at
236 2735 304 2777 non
320 2713 565 2780 Thestorides:
591 2735 657 2779 nec
674 2713 766 2778 enirn
783 2714 933 2779 nescitve
950 2725 1095 2792 tacetve,

185 2819 355 2907 sanguine
371 2820 526 2907 virgineo
543 2822 751 2906 placandam
769 2819 911 2907 virginis
928 2820 1015 2885 iram

185 2947 260 2991 esse
277 2927 375 2991 deae.
424 2925 609 3013 Postquam
627 2927 787 3014 pietatem
805 2926 943 3011 publica
959 2948 1076 3004 causa,

183 3054 314 3118 rexque
331 3045 461 3118 patrem
478 3034 571 3109 vicit,
590 3046 790 3121 castumque
807 3032 926 3097 datura
945 3054 1102 3099 cruorem
1207 3068 1242 3121 30

184 3136 343 3203 flentibus
360 3150 438 3202 ante
456 3160 549 3203 aram
568 3140 657 3204 stetit
673 3139 858 3227 Iphigenia
877 3140 1050 3217 ministris,

185 3245 273 3309 victa
290 3243 355 3309 dea
372 3256 435 3320 est,
454 3246 647 3331 nubemque
664 3247 773 3311 oculis
789 3245 926 3335 objecit,
945 3259 978 3311 et
993 3246 1081 3311 inter

185 3351 334 3415 officium
350 3353 552 3438 turbamque
570 3352 657 3416 sacri
675 3373 846 3441 vocesque
863 3368 1065 3439 precantum

185 3458 359 3542 subposita
377 3458 481 3523 fertur
498 3470 647 3523 mutasse
664 3458 854 3545 Mycenida
872 3481 986 3525 cerva.

186 3585 269 3650 ergo
285 3565 357 3639 ubi,
375 3586 443 3649 qua
460 3564 586 3639 decuit,
604 3565 708 3629 lenita
725 3578 776 3630 est
792 3568 899 3632 caede
916 3558 1045 3641 Diana,
1209 3601 1241 3653 35

185 3681 218 3733 et
235 3670 359 3754 pariter
376 3669 546 3743 PhoebeS,
565 3671 692 3755 pariter
708 3672 812 3736 maris
828 3672 878 3737 ira
894 3673 1057 3749 recessit3

185 3776 356 3859 accipiunt
372 3786 491 3839 ventos
508 3797 527 3840 a
544 3788 641 3861 tergo
659 3778 751 3841 mille
768 3768 919 3855 carinae,

186 3883 359 3971 multaque
377 3903 560 3967 perpessae
577 3878 733 3970 Phrygia
749 3886 923 3968 potiuntur
938 3907 1055 3962 arena.

231 3987 323 4053 Orbe
341 3990 437 4053 locus
454 3988 567 4053 medio
583 4000 635 4053 est
650 3989 737 4053 inter
752 4002 926 4079 terrasque
942 3994 1139 4083 fretumque
1233 4057 1239 4064 .
