2709 4325
184 256 236 342 -58
492 257 572 323 Tre
593 257 677 323 Tale
700 256 950 343 osArethusa.
1100 271 1250 344 [Meam

191 452 279 520 sicut
294 473 402 528 eram,
421 452 517 540 fugio
534 453 606 519 sine
622 454 795 519 vestibus:
819 454 926 519 altera
942 463 1054 519 vestes

191 558 266 643 ripa
283 580 378 623 meas
395 558 533 623 habuit:
559 569 652 624 tanto
669 557 782 646 magis
798 560 913 634 instat,
931 570 965 623 et
981 559 1088 626 ardet.

190 664 241 729 sic
258 684 324 751 ego
340 665 532 739 currebam,
551 664 602 730 sic
618 685 673 729 me
690 664 783 729 serus
798 664 856 729 ille
872 667 1063 749 premebat,

189 779 226 836 ut
243 770 363 857 fugere
380 770 577 855 accipitrem
594 790 710 855 penna
726 770 918 855 trepidante
937 773 1131 852 columbae,
1187 792 1243 863 ⁶05

189 886 226 941 ut
242 875 328 941 solet
344 876 505 961 accipiter
520 876 671 960 trepidas
687 896 837 963 urguere
854 878 1044 947 columbas.

188 1002 298 1067 usque
315 982 379 1047 snb
396 980 653 1057 Orchomenon,
673 980 933 1070 Psophidaque,
951 984 1206 1075 Cyllenenque,

190 1086 451 1175 Maenaliosque
468 1087 576 1163 sinus,
594 1087 818 1175 gelidumque
835 1090 1087 1178 Erymanthon,
1105 1104 1138 1159 et
1159 1094 1242 1159 Elin

188 1214 327 1285 currere
343 1192 507 1269 sustinui3
532 1214 598 1259 nec
614 1215 670 1259 me
686 1194 838 1261 velocior
853 1197 923 1264 ille

36 1296 60 1357 ,³¹
81 1307 162 1355 t,
236 1299 493 1367 ‘'Sedtolerare
510 1300 568 1367 diu
585 1322 706 1423 cprsup
723 1323 804 1391 ego,
821 1304 1089 1391 viribusimpar,
1186 1323 1242 1378 610

4 1404 5 1411 '
82 1400 107 1436 '⁷
135 1432 138 1441 ·
166 1421 257 1474 'non
273 1420 450 1495 poteram:
474 1408 570 1496 longi
587 1376 721 1494 paltielis
738 1422 811 1476 erat
826 1410 884 1477 ille
899 1412 1037 1478 laboris.

187 1535 251 1601 per
265 1513 380 1581 tamen
397 1527 430 1581 et
445 1535 600 1601 campos,
619 1537 681 1601 per
696 1528 832 1603 opertos
849 1518 970 1585 arbore
986 1529 1132 1597 montes,
1194 1586 1198 1591 .

188 1643 274 1687 saxa
290 1643 427 1710 quoque
444 1633 476 1688 et
492 1645 595 1709 rupes
612 1635 646 1689 et
660 1645 730 1710 qua
745 1624 801 1690 via
818 1625 928 1700 nulla,
945 1626 1091 1691 cucurri.

187 1731 238 1796 sol
255 1740 327 1795 erat
343 1750 364 1794 a
380 1741 500 1818 tergo:
523 1730 594 1795 vidi
611 1732 819 1816 praecedere
835 1732 976 1819 longam

187 1849 266 1903 ante
283 1838 389 1923 pedes
406 1839 621 1904 umbram-
575 1837 696 1903 -nisi
713 1837 742 1903 si
758 1838 858 1905 timor
873 1838 932 1903 illa
948 1838 1141 1904 videbat-
1185 1857 1240 1928 ⁶¹5

186 1945 248 2010 sed
266 1955 357 2012 certe
374 1944 573 2031 sonitusque
590 1945 717 2073 pedum
734 1946 895 2020 terrebat,
911 1955 946 2011 et
960 1944 1084 2033 ingens

186 2052 333 2117 crinales
348 2052 449 2118 vittas
467 2051 617 2118 adflabat
633 2018 804 2118 arlhltlitus
818 2052 900 2117 oris
1227 2122 1231 2127 ,

185 2158 276 2226 fessa
292 2159 410 2226 labore
427 2160 547 2248 fugae,
564 2157 640 2225 Fer
655 2166 767 2246 opem,
784 2157 1049 2246 depraedamur,
1066 2158 1224 2248 inquam,

184 2270 396 2354 armigerae,
415 2267 610 2354 Dl'ffl'mlar
628 2274 722 2342 tuae,
741 2268 801 2332 eur'
810 2273 915 2353 saepe
929 2267 1059 2332 dedisti

170 2375 282 2458 ferre
297 2384 373 2441 tuos
388 2397 491 2440 arcus
507 2375 709 2460 inclusaque
723 2373 794 2438 tela
803 2348 1010 2460 pharetra]
1082 2386 1086 2392 '
1185 2391 1241 2447 620

229 2481 351 2548 ‘Mota
367 2483 432 2548 dea
448 2492 511 2558 est,
530 2481 717 2568 spissisque
734 2481 848 2545 ferens
863 2501 883 2546 e
898 2481 1047 2548 nubibus
1062 2501 1169 2546 unam
1229 2547 1233 2554 ,

183 2609 238 2654 me
255 2588 501 2678 superinjecit.
549 2587 692 2654 Lustrat
707 2587 858 2674 caligine
873 2597 999 2652 tectam

183 2695 307 2772 amnin,
326 2706 359 2761 et
373 2694 517 2783 ignarus
533 2695 663 2760 circum
681 2714 768 2758 cava
784 2693 903 2760 nubila
919 2693 1051 2779 quaerit
1060 2716 1070 2770 3

150 2805 155 2815 “
181 2801 303 2890 bisque
319 2803 447 2879 locum,
466 2823 534 2888 quo
551 2822 606 2866 me
623 2801 690 2867 dea
706 2811 850 2877 texerat,
868 2800 997 2866 inscius
1013 2800 1131 2878 ambit,

181 2920 215 2974 et
230 2910 283 2975 bis
298 2908 341 2974 Io
356 2908 559 2978 Arethusa!
579 2908 624 2974 Io
638 2907 842 2976 Arethusa!
864 2906 1011 2973 vocavit
1181 2925 1235 2995 ⁶25

181 3016 263 3103 quid
281 3015 363 3080 mihi
387 3026 469 3081 tunc
493 3015 598 3081 animi
622 3015 770 3080 miserae
793 3012 878 3079 suit?
902 3035 991 3079 anne
1007 3014 1100 3148 quod
1118 3035 1236 3102 agnae

315 3132 378 3198 est,

181 3229 278 3318 siqua
294 3230 394 3315 lupos
411 3227 550 3295 audit'
521 3248 649 3294 circum
665 3229 802 3295 stabula
817 3229 886 3293 alta
902 3225 1108 3293 frementes?

181 3349 239 3402 aut
255 3335 375 3423 lepori,
394 3336 453 3424 qui
469 3357 574 3421 vepre
590 3336 701 3402 latens
717 3336 852 3402 hostilia
869 3334 977 3400 cernit

179 3464 241 3510 ora
258 3463 397 3518 canum,
416 3443 597 3538 nullosque
614 3442 718 3508 audet
731 3443 815 3506 dare
831 3462 974 3527 corpore
990 3436 1126 3506 motus?

226 3548 330 3615 ‘Non
347 3560 462 3615 tamen
479 3549 652 3623 abscedit3
677 3570 789 3635 neque
806 3548 898 3613 enim
914 3548 1061 3635 vestigia
1078 3544 1186 3611 cernit

178 3656 317 3744 longius
332 3656 403 3720 ulla
419 3657 568 3741 pedum:
593 3666 706 3720 servat
721 3656 917 3742 nubemque
932 3656 1128 3742 locumque.

178 3773 324 3848 occupat
340 3762 497 3828 obsessos
514 3762 619 3827 sudor
635 3761 717 3826 mihi
733 3762 879 3848 frigidus
896 3773 1001 3838 artus,

178 3868 427 3954 caeruleaeque
443 3869 570 3934 cadunt
585 3879 654 3934 toto
670 3868 714 3934 de
731 3890 874 3952 corpore
889 3880 1018 3956 guttae.
