2709 4325
174 237 239 306 106
466 237 537 306 The
559 240 678 307 Deallae
702 243 750 327 of
768 239 939 329 Orpheus.
1077 256 1225 328 [Mersit.

171 446 276 512 arcet,
295 446 329 502 et
342 435 378 500 in
395 436 544 522 lapidem
562 437 666 503 rictus
683 436 851 522 serpentis
868 445 1003 521 apertos

170 542 344 629 congelat,
362 553 395 606 et
410 543 557 626 patulos,
575 553 612 607 ut
627 554 737 617 erant,
755 543 892 607 indurat
908 541 1034 608 hiatus.

215 648 349 718 Umbra
366 647 455 712 subit
470 657 589 724 terras,
608 657 642 713 et
656 668 746 735 quae
762 639 839 712 loca
854 647 987 713 viderat
1003 657 1095 726 ante,

170 764 293 819 cuncta
309 753 545 840 recognoscit;
569 773 807 841 quaerensque
823 774 884 838 per
900 773 983 818 arva
1000 755 1135 841 piorum

169 859 300 926 invenit
315 857 525 946 Eurydicen,
544 858 746 945 cupidisque
763 858 979 948 amplectitur
994 861 1097 926 ulnis.

170 966 228 1032 hic
244 965 346 1031 modo
362 965 552 1054 conjunctis
568 964 758 1050 spatiantur
773 966 931 1050 passibus
949 969 1064 1042 ambo,

170 1094 263 1137 nunc
279 1073 541 1157 praecedentem
559 1069 722 1157 sequitur,
742 1092 835 1137 nunc
851 1073 1012 1157 praevius
1028 1074 1145 1152 anteit,
1188 1091 1223 1162 65

171 1177 437 1265 Eurydicenque
454 1199 551 1242 suam
565 1177 638 1264 jam
654 1186 725 1241 tuto
743 1177 882 1262 respicit
897 1177 1070 1264 Orpheus.

215 1283 298 1350 Non
313 1284 453 1370 impune
469 1294 585 1348 tamen
601 1283 714 1348 scelus
731 1284 798 1349 hoc
813 1285 892 1351 sinit
908 1306 984 1351 esse
1000 1285 1163 1374 Lyaeus:
1228 1327 1232 1332 ι

172 1393 366 1479 amissoque
382 1390 503 1457 dolens
519 1411 694 1456 sacrorum
710 1401 789 1456 vate
811 1413 963 1468 suorum,

171 1498 324 1585 protinus
340 1497 375 1563 in
391 1496 485 1563 silvis
499 1507 626 1562 'matres
643 1486 820 1563 Edonidas
836 1519 966 1575 omnes,
1006 1542 1008 1545 -

171 1629 260 1694 quae
276 1607 392 1672 videre
408 1605 519 1682 nefas,
537 1617 623 1672 torta
639 1607 756 1673 radice
773 1607 906 1694 ligavit.
1060 1595 1066 1604 ’
1191 1639 1227 1693 7⁰

172 1713 299 1801 quippe
316 1713 442 1798 pedum
459 1712 597 1800 digitos,
615 1713 833 1800 inquantum
850 1735 1007 1801 quaeque
1024 1723 1141 1780 secuta
1158 1726 1224 1791 est,

171 1820 286 1896 traxit,
304 1819 389 1884 etin
405 1818 552 1885 solidam
569 1820 711 1884 detrusit
727 1819 884 1885 acumine
900 1831 1048 1896 terram3

171 1915 276 2013 utque
292 1947 392 1991 suurn
409 1926 555 2011 laqueis,
573 1947 659 2013 quos
676 1925 821 1991 callidus
838 1927 969 1992 abdidit
985 1947 1126 2013 auceps,
1229 1937 1234 1944 ’

173 2055 252 2098 crus
266 2031 326 2097 ubi
342 2030 512 2096 commisit
527 2032 690 2108 volucriS,
708 2031 880 2119 sensitque
897 2034 1020 2110 teneri,

173 2139 361 2227 plangitur,
379 2159 422 2205 ac
436 2138 612 2224 trepidans
629 2138 787 2227 astringit
800 2139 940 2207 vincula
957 2152 1071 2233 motus
1190 2171 1225 2229 75

174 2247 235 2323 sic,
254 2255 291 2312 ut
306 2266 464 2333 quaeque
482 2246 555 2311 solo
571 2246 686 2311 defixa
703 2247 903 2311 cohaeserat
919 2248 1056 2324 harum,

174 2363 368 2420 exsternata
385 2352 504 2441 sugam
522 2352 647 2418 frustra
664 2354 870 2438 temptabat3
896 2353 1042 2419 atillam

173 2462 266 2527 lenta
281 2469 374 2526 tenet
389 2458 502 2535 radix,
521 2460 817 2545 exsultantemque
834 2464 981 2525 coercet.
1050 2473 1053 2477 ⁴
1139 2506 1146 2516 .

174 2570 325 2655 dumque
336 2567 395 2633 ubi
409 2567 476 2633 siut
491 2565 602 2654 digiti,
618 2566 700 2630 dum
713 2585 774 2651 pes
787 2564 858 2641 ubi,
873 2566 1015 2652 quaerit,
1028 2578 1062 2632 et
1073 2588 1226 2656 ungues,

175 2675 297 2763 aspicit
312 2673 347 2740 in
362 2685 486 2741 teretes
503 2673 638 2763 lignum
655 2672 840 2737 succedere
857 2692 976 2748 suras;
1044 2724 1047 2728 <
1193 2662 1230 2747 80

176 2794 210 2849 et
225 2794 347 2850 conata
363 2782 475 2847 femur
492 2778 657 2846 maerenti
674 2778 840 2865 plangere
857 2779 990 2854 dextra,
1145 2764 1148 2769 ’

176 2892 298 2959 robora
315 2891 494 2978 percussit.
543 2887 669 2954 Pectus
685 2905 821 2972 quoque
837 2886 959 2951 robora
975 2886 1080 2962 fiunt3

176 3000 300 3065 robora
315 3009 394 3064 sunt
409 2996 564 3072 humeris
590 3002 815 3081 porrectaque
831 2991 995 3057 bracchia
1010 3000 1111 3059 veros

177 3126 253 3173 esse
269 3115 367 3193 putes
383 3124 510 3182 ramos,
529 3112 563 3169 et
578 3122 647 3168 non
664 3098 785 3165 fallare
802 3097 967 3183 putando.
