2709 4325
121 306 268 378 tuum]
406 356 408 362 ,
436 290 474 359 T
467 290 510 360 he
531 290 648 361 Furat
665 290 809 359 Brund.
837 306 844 357 .·
1102 288 1145 373 85

117 478 217 571 luctus,
228 494 264 554 et
278 505 297 551 a
312 485 471 557 lacrimis
487 487 524 553 in
541 508 675 573 poenae
690 507 811 553 versus
827 492 981 552 amorem
999 493 1063 551 est.
1092 514 1147 571 450

150 590 247 675 Stipes
262 604 345 669 erat,
363 614 489 681 quem,
506 616 584 662 cum
602 604 720 680 partus
735 594 839 659 enixa
851 592 984 682 jaceret

113 694 261 774 Thestias,
277 697 312 762 in
328 698 513 767 flammam
530 700 682 785 triplices
698 718 844 785 posuere
860 718 1017 773 sororesr

113 802 300 890 staminaque
309 804 493 891 impresso
508 806 625 874 satalia
642 805 768 892 pollice
783 815 905 871 nentes

113 906 304 994 ‘Tempora’
321 912 489 981 dixerunt
506 914 652 979 ‘eadem
668 911 833 999 lignoque
848 911 990 999 tibique,

112 1010 240 1081 amodo
255 1027 349 1094 nate,
365 1018 521 1087 damus?
568 1016 650 1101 Quo
666 1028 847 1103 postquam
864 1018 1018 1083 carmine
1033 1016 1124 1083 dicto

111 1139 267 1187 excessere
283 1123 390 1199 deae,
408 1123 614 1211 flagrantem
630 1134 740 1188 mater
756 1123 802 1188 ab
817 1124 900 1212 igne

29 1298 30 1305 ἵ
111 1224 212 1309 eripuit
224 1237 367 1307 torrem,
387 1230 581 1315 sparsitque
597 1229 804 1315 liquentibus
821 1232 934 1297 undis.

110 1329 156 1395 ille
169 1331 221 1397 diu
236 1333 350 1409 fuerat
367 1335 601 1421 penetralibus
619 1334 755 1402 abditus
769 1335 862 1412 imis,
954 1369 958 1376 ’

111 1448 311 1526 servatusque
327 1452 421 1517 tuos,
436 1440 587 1529 juvenis.
605 1453 801 1507 servaverat
809 1463 940 1510 annos.
994 1468 998 1478 ·
1016 1478 1019 1488 =

111 1544 227 1625 protulit
241 1546 338 1613 hunc
352 1544 522 1635 genitrixi
538 1547 726 1637 taedasque
740 1558 775 1615 et
789 1548 963 1636 fragmina
978 1548 1060 1633 poni
1094 1562 1148 1631 4⁶⁰

110 1645 246 1733 imperat,
264 1663 299 1725 et
315 1652 443 1739 positia¹
453 1652 611 1721 inimicos
628 1654 788 1723 admovet
801 1652 915 1741 ignes.

145 1750 227 1819 Tum
244 1768 374 1833 conata
389 1766 511 1842 quater
525 1755 677 1828 flammis
691 1757 868 1842 imponere
884 1778 1038 1832 ramum,

110 1869 213 1944 coepta
225 1874 353 1949 quater
370 1861 489 1937 tenuit.
538 1862 702 1951 Pugnant
717 1873 894 1950 materque
909 1870 1088 1951 sororque,

110 1972 137 2027 et
149 1965 275 2033 diversa
291 1968 435 2045 trabunt
449 1990 556 2035 unum
573 1970 643 2041 duo
656 1969 798 2037 nomina
813 1980 946 2057 pectus.

110 2088 199 2156 saepe
214 2085 307 2141 metu
324 2074 466 2151 sceleris
483 2076 658 2161 pallebant
673 2094 735 2147 ora
749 2075 874 2150 suturir
1096 2092 1151 2164 463

110 2195 199 2263 saepe
214 2202 316 2262 suum
334 2182 472 2250 fervens
487 2183 599 2252 oculis
612 2184 716 2255 dabat
730 2183 782 2249 ira
797 2183 971 2251 ruborem.

29 2309 30 2332 t
110 2291 137 2346 et
149 2286 244 2353 modo
260 2288 481 2374 nescioquid
496 2288 615 2360 similia
631 2288 772 2358 crudele
788 2289 932 2355 minanti

109 2389 311 2471 vultuserat,
329 2395 433 2467 modo
448 2415 552 2481 quem
568 2395 722 2466 misereri
737 2395 879 2462 credere
894 2417 1035 2483 possesa

109 2511 241 2584 cumque
258 2499 352 2566 serus
366 2499 529 2567 lacrimas
546 2501 650 2568 animi
672 2500 862 2568 siccaverat
877 2503 991 2578 ardor,

28 2604 30 2670 ᾖ
93 2674 100 2682 ‚
106 2598 357 2686 inveniebantur
373 2607 537 2686 lacrimae
553 2619 683 2677 temen.
731 2608 847 2695 thue
862 2610 994 2685 carina,
1097 2640 1153 2694 470

109 2727 200 2796 quam
214 2725 350 2794 ventus,
368 2724 538 2801 ventoque
554 2713 643 2799 rapit
657 2715 848 2782 contrarius
863 2727 990 2792 aestus,

108 2816 168 2884 vim
182 2822 360 2908 geminam
377 2821 490 2897 sentit,
507 2831 671 2908 paretque
685 2821 817 2889 incerta
833 2821 1022 2889 daubus-

109 2921 256 2995 Thestias
273 2927 368 2994 haud
378 2927 482 2993 ‘aliter
497 2926 608 2993 dubiis
625 2926 804 2993 affectibus
819 2938 924 3004 errat,

109 3027 200 3118 inque
214 3037 310 3101 vices
326 3033 435 3120 ponit,
452 3033 669 3120 positamque
684 3034 864 3104 resuscitat
877 3034 976 3098 iram.
1082 3062 1085 3070 ¹

147 3138 267 3228 Incipit
282 3161 359 3218 esee
374 3151 491 3208 tamen
505 3141 626 3208 melior
642 3160 811 3228 germana
827 3152 980 3225 parente,
1096 3171 1148 3229 475

28 3279 29 3282 =
109 3253 137 3308 et
150 3246 424 3336 consanguineas
437 3257 477 3312 ut
492 3246 661 3334 sanguine
679 3246 784 3315 leniat
800 3228 972 3321 umbras‚'

109 3347 271 3438 impietate
287 3354 345 3440 pia
362 3363 433 3420 est:
457 3373 537 3418 nam
554 3364 735 3440 postquam
754 3353 892 3438 pestifer
907 3352 999 3439 ignis

28 3441 30 3520 3
110 3461 285 3539 convaluit,
305 3459 452 3546 ‘Rogus
467 3457 531 3524 iste
547 3470 675 3525 cremet
692 3480 772 3526 mea
785 3459 938 3526 viscera'
953 3459 1059 3534 dixit;

28 3601 29 3646 n
110 3575 203 3653 utque
220 3587 326 3632 manu
341 3564 417 3641 dira
432 3563 565 3652 lignum
582 3564 686 3630 fatale
702 3566 853 3642 tenebat,
923 3586 928 3603 ·

112 3683 180 3738 ante
196 3671 406 3758 sepulcrales
422 3670 542 3734 infelix
558 3669 685 3739 adstitit
701 3692 791 3748 aras,
1098 3690 1152 3753 480

112 3775 340 3846 ‘Poenarum’
355 3787 449 3863 que‘
461 3777 547 3852 deae
563 3776 726 3861 triplices,
745 3776 949 3854 furialibus‚'
966 3777 1076 3866 inquit

112 3881 353 3956 ‘Eumenidea
372 3881 478 3948 sacris
494 3883 607 3948 vultus
624 3881 789 3950 advertite
807 3894 948 3949 vestros.

111 3991 264 4066 ulciscor,
282 3987 439 4077 facioque
455 3987 573 4064 nefas:
599 4008 691 4060 mors
706 3999 816 4056 morte
826 3987 960 4070 ,pianda
974 4000 1039 4052 est.
