<?xml version="1.0" encoding="UTF-8"?>
<!DOCTYPE html PUBLIC "-//W3C//DTD XHTML 1.0 Transitional//EN"
    "http://www.w3.org/TR/xhtml1/DTD/xhtml1-transitional.dtd">
<html xmlns="http://www.w3.org/1999/xhtml" xml:lang="en" lang="en">
 <head>
  <title>
</title>
<meta http-equiv="Content-Type" content="text/html;charset=utf-8" />
  <meta name='ocr-system' content='tesseract 3.04.00' />
  <meta name='ocr-capabilities' content='ocr_page ocr_carea ocr_par ocr_line ocrx_word'/>
</head>
<body>
  <div class='ocr_page' id='page_1' title='image "./publiovidiinaso01allegoog_0097.png"; bbox 0 0 2709 4325; ppageno 0'>
   <div class='ocr_carea' id='block_1_1' title="bbox 129 276 1169 367">
    <p class='ocr_par' dir='ltr' id='par_1_1' title="bbox 129 276 1169 367">
     <span class='ocr_line' id='line_1_1' title="bbox 129 276 1169 367; baseline -0.005 -19"><span class='ocrx_word' id='word_1_1' title='bbox 129 294 202 349; x_wconf 79' lang='lat' dir='ltr'>virt.</span> <span class='ocrx_word' id='word_1_2' title='bbox 216 294 313 367; x_wconf 79' lang='lat'><strong><em>347·].</em></strong></span> <span class='ocrx_word' id='word_1_3' title='bbox 409 286 413 295; x_wconf 83' lang='lat'>&#39;</span> <span class='ocrx_word' id='word_1_4' title='bbox 442 276 554 345; x_wconf 76' lang='lat' dir='ltr'>Scene</span> <span class='ocrx_word' id='word_1_5' title='bbox 574 277 695 366; x_wconf 66' lang='lat' dir='ltr'>‹fftlaee</span> <span class='ocrx_word' id='word_1_6' title='bbox 722 276 845 346; x_wconf 73' lang='lat' dir='ltr'>Chare.</span> <span class='ocrx_word' id='word_1_7' title='bbox 1126 276 1169 345; x_wconf 87' lang='lat'>81</span> 
     </span>
    </p>
   </div>
   <div class='ocr_carea' id='block_1_2' title="bbox 26 482 1181 3980">
    <p class='ocr_par' dir='ltr' id='par_1_2' title="bbox 121 482 1171 891">
     <span class='ocr_line' id='line_1_2' title="bbox 126 482 946 573; baseline 0.005 -26"><span class='ocrx_word' id='word_1_8' title='bbox 126 492 153 547; x_wconf 89' lang='lat' dir='ltr'>et</span> <span class='ocrx_word' id='word_1_9' title='bbox 165 502 243 569; x_wconf 89' lang='lat' dir='ltr'>quos</span> <span class='ocrx_word' id='word_1_10' title='bbox 259 482 474 570; x_wconf 80' lang='lat' dir='ltr'>Hippocobn</span> <span class='ocrx_word' id='word_1_11' title='bbox 492 485 640 573; x_wconf 81' lang='lat' dir='ltr'>antiquis</span> <span class='ocrx_word' id='word_1_12' title='bbox 653 486 749 551; x_wconf 86' lang='lat' dir='ltr'>misit</span> <span class='ocrx_word' id='word_1_13' title='bbox 764 483 946 572; x_wconf 76' lang='lat' dir='ltr'>Amyclist</span> 
     </span>
     <span class='ocr_line' id='line_1_3' title="bbox 125 584 1171 677; baseline 0.006 -27"><span class='ocrx_word' id='word_1_14' title='bbox 125 584 370 677; x_wconf 87' lang='lat' dir='ltr'>Penelopesque</span> <span class='ocrx_word' id='word_1_15' title='bbox 388 612 491 657; x_wconf 89' lang='lat' dir='ltr'>socer</span> <span class='ocrx_word' id='word_1_16' title='bbox 508 613 587 656; x_wconf 92' lang='lat' dir='ltr'>cum</span> <span class='ocrx_word' id='word_1_17' title='bbox 604 590 790 657; x_wconf 85' lang='lat' dir='ltr'>Parrhasio</span> <span class='ocrx_word' id='word_1_18' title='bbox 805 590 971 665; x_wconf 72' lang='lat' dir='ltr'>Ancaeot</span> <span class='ocrx_word' id='word_1_19' title='bbox 1120 620 1171 677; x_wconf 76' lang='lat'>³¹5</span> 
     </span>
     <span class='ocr_line' id='line_1_4' title="bbox 121 691 1032 786; baseline 0.009 -29"><span class='ocrx_word' id='word_1_20' title='bbox 121 691 396 783; x_wconf 77' lang='lat' dir='ltr'>Ampycidesque</span> <span class='ocrx_word' id='word_1_21' title='bbox 414 718 541 785; x_wconf 84' lang='lat' dir='ltr'><strong>sagax,</strong></span> <span class='ocrx_word' id='word_1_22' title='bbox 559 706 593 762; x_wconf 87' lang='lat' dir='ltr'>et</span> <span class='ocrx_word' id='word_1_23' title='bbox 608 699 724 763; x_wconf 83' lang='lat' dir='ltr'>adhuc</span> <span class='ocrx_word' id='word_1_24' title='bbox 740 718 760 762; x_wconf 88' lang='lat' dir='ltr'>a</span> <span class='ocrx_word' id='word_1_25' title='bbox 776 697 925 786; x_wconf 84' lang='lat' dir='ltr'>conjuge</span> <span class='ocrx_word' id='word_1_26' title='bbox 938 708 1032 765; x_wconf 87' lang='lat' dir='ltr'>tutus</span> 
     </span>
     <span class='ocr_line' id='line_1_5' title="bbox 123 798 996 891; baseline 0.005 -27"><span class='ocrx_word' id='word_1_27' title='bbox 123 798 280 878; x_wconf 85' lang='lat' dir='ltr'><strong>Oeclides,</strong></span> <span class='ocrx_word' id='word_1_28' title='bbox 299 804 528 891; x_wconf 84' lang='lat' dir='ltr'>nemorisque</span> <span class='ocrx_word' id='word_1_29' title='bbox 545 804 651 869; x_wconf 86' lang='lat' dir='ltr'>decus</span> <span class='ocrx_word' id='word_1_30' title='bbox 667 804 835 891; x_wconf 86' lang='lat' dir='ltr'>Tegeaea</span> <span class='ocrx_word' id='word_1_31' title='bbox 850 802 996 891; x_wconf 87' lang='lat' dir='ltr'><strong>Lycaei.</strong></span> 
     </span>
    </p>

    <p class='ocr_par' dir='ltr' id='par_1_3' title="bbox 118 906 1173 1530">
     <span class='ocr_line' id='line_1_6' title="bbox 157 906 1064 987; baseline 0.006 -16"><span class='ocrx_word' id='word_1_32' title='bbox 157 906 282 973; x_wconf 81' lang='lat' dir='ltr'>Rasilis</span> <span class='ocrx_word' id='word_1_33' title='bbox 299 910 387 976; x_wconf 90' lang='lat' dir='ltr'>huic</span> <span class='ocrx_word' id='word_1_34' title='bbox 405 932 579 977; x_wconf 88' lang='lat' dir='ltr'>summam</span> <span class='ocrx_word' id='word_1_35' title='bbox 595 910 774 976; x_wconf 86' lang='lat' dir='ltr'>mordebat</span> <span class='ocrx_word' id='word_1_36' title='bbox 788 911 896 975; x_wconf 85' lang='lat' dir='ltr'>fibula</span> <span class='ocrx_word' id='word_1_37' title='bbox 912 922 1064 987; x_wconf 70' lang='lat' dir='ltr'>vestem</span> 
     </span>
     <span class='ocr_line' id='line_1_7' title="bbox 120 1012 1012 1103; baseline 0.006 -28"><span class='ocrx_word' id='word_1_38' title='bbox 120 1012 210 1077; x_wconf 88' lang='lat' dir='ltr'>crinis</span> <span class='ocrx_word' id='word_1_39' title='bbox 226 1028 299 1080; x_wconf 81' lang='lat' dir='ltr'>erat</span> <span class='ocrx_word' id='word_1_40' title='bbox 312 1018 488 1103; x_wconf 83' lang='lat' dir='ltr'>simplex,</span> <span class='ocrx_word' id='word_1_41' title='bbox 507 1018 635 1083; x_wconf 83' lang='lat' dir='ltr'>nodum</span> <span class='ocrx_word' id='word_1_42' title='bbox 652 1018 816 1082; x_wconf 85' lang='lat' dir='ltr'>collectus</span> <span class='ocrx_word' id='word_1_43' title='bbox 832 1016 868 1081; x_wconf 87' lang='lat' dir='ltr'>in</span> <span class='ocrx_word' id='word_1_44' title='bbox 881 1038 1012 1092; x_wconf 86' lang='lat' dir='ltr'>unum;</span> 
     </span>
     <span class='ocr_line' id='line_1_8' title="bbox 120 1120 1173 1209; baseline 0.011 -28"><span class='ocrx_word' id='word_1_45' title='bbox 120 1139 157 1183; x_wconf 85' lang='lat' dir='ltr'>ex</span> <span class='ocrx_word' id='word_1_46' title='bbox 171 1120 313 1187; x_wconf 86' lang='lat' dir='ltr'>humero</span> <span class='ocrx_word' id='word_1_47' title='bbox 331 1124 493 1208; x_wconf 86' lang='lat' dir='ltr'>pendens</span> <span class='ocrx_word' id='word_1_48' title='bbox 510 1124 695 1189; x_wconf 84' lang='lat' dir='ltr'>resonabat</span> <span class='ocrx_word' id='word_1_49' title='bbox 711 1122 862 1187; x_wconf 88' lang='lat' dir='ltr'>eburnea</span> <span class='ocrx_word' id='word_1_50' title='bbox 879 1122 980 1187; x_wconf 84' lang='lat' dir='ltr'>laevo</span> <span class='ocrx_word' id='word_1_51' title='bbox 1120 1153 1173 1209; x_wconf 83' lang='lat'>320</span> 
     </span>
     <span class='ocr_line' id='line_1_9' title="bbox 118 1224 1002 1316; baseline 0.005 -27"><span class='ocrx_word' id='word_1_52' title='bbox 118 1224 249 1290; x_wconf 88' lang='lat' dir='ltr'>telorum</span> <span class='ocrx_word' id='word_1_53' title='bbox 267 1224 413 1304; x_wconf 85' lang='lat' dir='ltr'>custos3</span> <span class='ocrx_word' id='word_1_54' title='bbox 438 1238 557 1295; x_wconf 81' lang='lat' dir='ltr'>arcum</span> <span class='ocrx_word' id='word_1_55' title='bbox 573 1246 711 1316; x_wconf 90' lang='lat' dir='ltr'>quoque</span> <span class='ocrx_word' id='word_1_56' title='bbox 728 1229 827 1293; x_wconf 84' lang='lat' dir='ltr'>laeva</span> <span class='ocrx_word' id='word_1_57' title='bbox 842 1229 1002 1296; x_wconf 78' lang='lat' dir='ltr'>tenebat:</span> 
     </span>
     <span class='ocr_line' id='line_1_10' title="bbox 118 1331 911 1423; baseline 0.008 -29"><span class='ocrx_word' id='word_1_58' title='bbox 118 1331 185 1396; x_wconf 87' lang='lat' dir='ltr'>talis</span> <span class='ocrx_word' id='word_1_59' title='bbox 200 1345 273 1399; x_wconf 86' lang='lat' dir='ltr'>erat</span> <span class='ocrx_word' id='word_1_60' title='bbox 287 1336 412 1411; x_wconf 85' lang='lat' dir='ltr'>cultu3</span> <span class='ocrx_word' id='word_1_61' title='bbox 437 1335 557 1412; x_wconf 88' lang='lat' dir='ltr'>facies,</span> <span class='ocrx_word' id='word_1_62' title='bbox 575 1356 682 1423; x_wconf 87' lang='lat' dir='ltr'>quam</span> <span class='ocrx_word' id='word_1_63' title='bbox 698 1335 813 1401; x_wconf 84' lang='lat' dir='ltr'>dicere</span> <span class='ocrx_word' id='word_1_64' title='bbox 829 1356 911 1400; x_wconf 86' lang='lat' dir='ltr'>vere</span> 
     </span>
     <span class='ocr_line' id='line_1_11' title="bbox 118 1437 1031 1530; baseline 0.007 -28"><span class='ocrx_word' id='word_1_65' title='bbox 118 1437 301 1526; x_wconf 85' lang='lat' dir='ltr'>virgineam</span> <span class='ocrx_word' id='word_1_66' title='bbox 317 1442 359 1509; x_wconf 90' lang='lat' dir='ltr'>in</span> <span class='ocrx_word' id='word_1_67' title='bbox 377 1464 498 1528; x_wconf 88' lang='lat' dir='ltr'>puero,</span> <span class='ocrx_word' id='word_1_68' title='bbox 516 1444 683 1528; x_wconf 81' lang='lat' dir='ltr'>puerilem</span> <span class='ocrx_word' id='word_1_69' title='bbox 700 1443 736 1507; x_wconf 89' lang='lat' dir='ltr'>in</span> <span class='ocrx_word' id='word_1_70' title='bbox 752 1442 886 1530; x_wconf 85' lang='lat' dir='ltr'>virgine</span> <span class='ocrx_word' id='word_1_71' title='bbox 902 1441 1031 1529; x_wconf 76' lang='lat' dir='ltr'>possis·</span> 
     </span>
    </p>

    <p class='ocr_par' dir='ltr' id='par_1_4' title="bbox 117 1544 1171 2067">
     <span class='ocr_line' id='line_1_12' title="bbox 157 1544 1016 1636; baseline 0.007 -27"><span class='ocrx_word' id='word_1_72' title='bbox 157 1544 256 1613; x_wconf 86' lang='lat' dir='ltr'>Hanc</span> <span class='ocrx_word' id='word_1_73' title='bbox 272 1549 409 1635; x_wconf 84' lang='lat' dir='ltr'>pariter</span> <span class='ocrx_word' id='word_1_74' title='bbox 424 1546 520 1625; x_wconf 91' lang='lat' dir='ltr'>vidit,</span> <span class='ocrx_word' id='word_1_75' title='bbox 539 1548 665 1635; x_wconf 86' lang='lat' dir='ltr'>pariter</span> <span class='ocrx_word' id='word_1_76' title='bbox 681 1548 897 1636; x_wconf 80' lang='lat' dir='ltr'>Calydonius</span> <span class='ocrx_word' id='word_1_77' title='bbox 913 1550 1016 1615; x_wconf 85' lang='lat' dir='ltr'>heros</span> 
     </span>
     <span class='ocr_line' id='line_1_13' title="bbox 119 1652 1171 1743; baseline 0.01 -29"><span class='ocrx_word' id='word_1_78' title='bbox 119 1652 247 1736; x_wconf 88' lang='lat' dir='ltr'>optavit,</span> <span class='ocrx_word' id='word_1_79' title='bbox 266 1666 439 1721; x_wconf 83' lang='lat' dir='ltr'>renuente</span> <span class='ocrx_word' id='word_1_80' title='bbox 454 1656 541 1731; x_wconf 84' lang='lat' dir='ltr'>deo,¹</span> <span class='ocrx_word' id='word_1_81' title='bbox 551 1655 779 1743; x_wconf 82' lang='lat' dir='ltr'>flammasque</span> <span class='ocrx_word' id='word_1_82' title='bbox 795 1657 941 1721; x_wconf 87' lang='lat' dir='ltr'>latentes</span> <span class='ocrx_word' id='word_1_83' title='bbox 1120 1684 1171 1743; x_wconf 83' lang='lat'>3²5</span> 
     </span>
     <span class='ocr_line' id='line_1_14' title="bbox 117 1756 1000 1851; baseline 0.006 -30"><span class='ocrx_word' id='word_1_84' title='bbox 117 1756 234 1837; x_wconf 79' lang='lat' dir='ltr'>hausit,</span> <span class='ocrx_word' id='word_1_85' title='bbox 250 1773 288 1827; x_wconf 85' lang='lat' dir='ltr'>et</span> <span class='ocrx_word' id='word_1_86' title='bbox 306 1772 316 1805; x_wconf 78' lang='lat'>‘</span> <span class='ocrx_word' id='word_1_87' title='bbox 332 1760 368 1827; x_wconf 91' lang='lat' dir='ltr'>O</span> <span class='ocrx_word' id='word_1_88' title='bbox 383 1762 479 1837; x_wconf 81' lang='lat' dir='ltr'>felix,</span> <span class='ocrx_word' id='word_1_89' title='bbox 495 1762 526 1827; x_wconf 86' lang='lat' dir='ltr'>si</span> <span class='ocrx_word' id='word_1_90' title='bbox 542 1782 644 1850; x_wconf 88' lang='lat' dir='ltr'>quern</span> <span class='ocrx_word' id='word_1_91' title='bbox 659 1756 874 1851; x_wconf 56' lang='lat' dir='ltr'>dignabitur?</span> <span class='ocrx_word' id='word_1_92' title='bbox 889 1760 1000 1849; x_wconf 74' lang='lat' dir='ltr'>iuquit</span> 
     </span>
     <span class='ocr_line' id='line_1_15' title="bbox 120 1853 1128 1956; baseline 0.003 -27"><span class='ocrx_word' id='word_1_93' title='bbox 120 1862 198 1931; x_wconf 86' lang='lat' dir='ltr'>‘ista</span> <span class='ocrx_word' id='word_1_94' title='bbox 213 1866 330 1935; x_wconf 89' lang='lat' dir='ltr'>virum</span> <span class='ocrx_word' id='word_1_95' title='bbox 343 1866 374 1933; x_wconf 87' lang='lat' dir='ltr'>l&#39;</span> <span class='ocrx_word' id='word_1_96' title='bbox 419 1868 497 1934; x_wconf 90' lang='lat' dir='ltr'>Nec</span> <span class='ocrx_word' id='word_1_97' title='bbox 512 1869 613 1955; x_wconf 88' lang='lat' dir='ltr'>plura</span> <span class='ocrx_word' id='word_1_98' title='bbox 630 1868 710 1934; x_wconf 90' lang='lat' dir='ltr'>sinit</span> <span class='ocrx_word' id='word_1_99' title='bbox 724 1853 929 1956; x_wconf 79' lang='lat' dir='ltr'>tempusque</span> <span class='ocrx_word' id='word_1_100' title='bbox 946 1868 1128 1955; x_wconf 84' lang='lat' dir='ltr'>pudorque</span> 
     </span>
     <span class='ocr_line' id='line_1_16' title="bbox 118 1964 996 2067; baseline 0.006 -33"><span class='ocrx_word' id='word_1_101' title='bbox 118 1970 245 2039; x_wconf 80' lang='lat' dir='ltr'>dicere:</span> <span class='ocrx_word' id='word_1_102' title='bbox 271 1976 389 2063; x_wconf 90' lang='lat' dir='ltr'>majus</span> <span class='ocrx_word' id='word_1_103' title='bbox 405 1994 492 2061; x_wconf 84' lang='lat' dir='ltr'>opus</span> <span class='ocrx_word' id='word_1_104' title='bbox 509 1975 629 2063; x_wconf 84' lang='lat' dir='ltr'>magni</span> <span class='ocrx_word' id='word_1_105' title='bbox 645 1970 841 2041; x_wconf 83' lang='lat' dir='ltr'>certaminis</span> <span class='ocrx_word' id='word_1_106' title='bbox 856 1964 996 2067; x_wconf 71' lang='lat' dir='ltr'>upgue‘t.</span> 
     </span>
    </p>

    <p class='ocr_par' dir='ltr' id='par_1_5' title="bbox 116 2076 1176 3026">
     <span class='ocr_line' id='line_1_17' title="bbox 158 2076 1169 2170; baseline 0.004 -27"><span class='ocrx_word' id='word_1_107' title='bbox 158 2076 253 2146; x_wconf 85' lang='lat' dir='ltr'>Silva</span> <span class='ocrx_word' id='word_1_108' title='bbox 270 2082 437 2170; x_wconf 80' lang='lat' dir='ltr'>frequens</span> <span class='ocrx_word' id='word_1_109' title='bbox 452 2080 620 2159; x_wconf 82' lang='lat' dir='ltr'>trabibus,</span> <span class='ocrx_word' id='word_1_110' title='bbox 636 2100 741 2170; x_wconf 82' lang='lat' dir='ltr'>quam</span> <span class='ocrx_word' id='word_1_111' title='bbox 755 2082 856 2147; x_wconf 71' lang='lat' dir='ltr'>:nulla</span> <span class='ocrx_word' id='word_1_112' title='bbox 872 2082 1045 2149; x_wconf 76' lang='lat' dir='ltr'>eeoiderat</span> <span class='ocrx_word' id='word_1_113' title='bbox 1060 2084 1169 2157; x_wconf 82' lang='lat' dir='ltr'>aetas,</span> 
     </span>
     <span class='ocr_line' id='line_1_18' title="bbox 117 2182 1171 2277; baseline 0.004 -28"><span class='ocrx_word' id='word_1_114' title='bbox 117 2182 229 2273; x_wconf 88' lang='lat' dir='ltr'>incipit</span> <span class='ocrx_word' id='word_1_115' title='bbox 245 2210 267 2255; x_wconf 91' lang='lat' dir='ltr'>a</span> <span class='ocrx_word' id='word_1_116' title='bbox 286 2191 405 2276; x_wconf 88' lang='lat' dir='ltr'>plan0,</span> <span class='ocrx_word' id='word_1_117' title='bbox 424 2187 627 2277; x_wconf 81' lang='lat' dir='ltr'>devexaque</span> <span class='ocrx_word' id='word_1_118' title='bbox 644 2189 808 2276; x_wconf 85' lang='lat' dir='ltr'>prospicit</span> <span class='ocrx_word' id='word_1_119' title='bbox 822 2185 929 2254; x_wconf 64' lang='lat' dir='ltr'>arva}</span> <span class='ocrx_word' id='word_1_120' title='bbox 987 2235 992 2245; x_wconf 78' lang='lat'><strong><em>.</em></strong></span> <span class='ocrx_word' id='word_1_121' title='bbox 1032 2209 1036 2219; x_wconf 83' lang='grc'><strong><em>’</em></strong></span> <span class='ocrx_word' id='word_1_122' title='bbox 1118 2221 1171 2274; x_wconf 77' lang='lat'>330</span> 
     </span>
     <span class='ocr_line' id='line_1_19' title="bbox 116 2294 989 2384; baseline 0.003 -26"><span class='ocrx_word' id='word_1_123' title='bbox 116 2313 181 2379; x_wconf 90' lang='lat' dir='ltr'>quo</span> <span class='ocrx_word' id='word_1_124' title='bbox 196 2309 382 2384; x_wconf 88' lang='lat' dir='ltr'>postquam</span> <span class='ocrx_word' id='word_1_125' title='bbox 398 2314 524 2362; x_wconf 86' lang='lat' dir='ltr'>venere</span> <span class='ocrx_word' id='word_1_126' title='bbox 538 2296 616 2374; x_wconf 80' lang='lat' dir='ltr'>viri,</span> <span class='ocrx_word' id='word_1_127' title='bbox 635 2317 717 2383; x_wconf 85' lang='lat' dir='ltr'>pars</span> <span class='ocrx_word' id='word_1_128' title='bbox 733 2296 818 2362; x_wconf 87' lang='lat' dir='ltr'>retia</span> <span class='ocrx_word' id='word_1_129' title='bbox 832 2294 989 2372; x_wconf 80' lang='lat' dir='ltr'>tendunt,</span> 
     </span>
     <span class='ocr_line' id='line_1_20' title="bbox 119 2397 1140 2490; baseline 0.003 -27"><span class='ocrx_word' id='word_1_130' title='bbox 119 2397 251 2468; x_wconf 87' lang='lat' dir='ltr'>vincula</span> <span class='ocrx_word' id='word_1_131' title='bbox 269 2401 352 2490; x_wconf 83' lang='lat' dir='ltr'>pars</span> <span class='ocrx_word' id='word_1_132' title='bbox 365 2403 526 2469; x_wconf 84' lang='lat' dir='ltr'>adimunt</span> <span class='ocrx_word' id='word_1_133' title='bbox 541 2403 699 2478; x_wconf 78' lang='lat' dir='ltr'>canibus,</span> <span class='ocrx_word' id='word_1_134' title='bbox 715 2419 800 2489; x_wconf 86' lang='lat' dir='ltr'>pars</span> <span class='ocrx_word' id='word_1_135' title='bbox 815 2423 935 2488; x_wconf 83' lang='lat' dir='ltr'>pressa</span> <span class='ocrx_word' id='word_1_136' title='bbox 950 2412 1140 2488; x_wconf 82' lang='lat' dir='ltr'>sequuntur</span> 
     </span>
     <span class='ocr_line' id='line_1_21' title="bbox 121 2505 1085 2598; baseline -0.001 -24"><span class='ocrx_word' id='word_1_137' title='bbox 121 2505 213 2595; x_wconf 85' lang='lat' dir='ltr'>signa</span> <span class='ocrx_word' id='word_1_138' title='bbox 229 2511 375 2598; x_wconf 86' lang='lat' dir='ltr'>pedum,</span> <span class='ocrx_word' id='word_1_139' title='bbox 394 2512 604 2598; x_wconf 89' lang='lat' dir='ltr'>cupiuntque</span> <span class='ocrx_word' id='word_1_140' title='bbox 617 2529 721 2576; x_wconf 76' lang='lat' dir='ltr'>&#39;suum</span> <span class='ocrx_word' id='word_1_141' title='bbox 737 2511 889 2596; x_wconf 83' lang='lat' dir='ltr'>reperire</span> <span class='ocrx_word' id='word_1_142' title='bbox 904 2509 1085 2595; x_wconf 89' lang='lat' dir='ltr'>periclum.</span> 
     </span>
     <span class='ocr_line' id='line_1_22' title="bbox 120 2615 991 2705; baseline -0.005 -21"><span class='ocrx_word' id='word_1_143' title='bbox 120 2619 576 2705; x_wconf 59' lang='lat' dir='ltr'>numerabimusque</span> <span class='ocrx_word' id='word_1_144' title='bbox 592 2635 630 2683; x_wconf 87' lang='lat' dir='ltr'>se</span> <span class='ocrx_word' id='word_1_145' title='bbox 647 2617 824 2682; x_wconf 85' lang='lat' dir='ltr'>demittere</span> <span class='ocrx_word' id='word_1_146' title='bbox 841 2615 905 2680; x_wconf 86' lang='lat' dir='ltr'>rivi</span> <span class='ocrx_word' id='word_1_147' title='bbox 987 2667 991 2673; x_wconf 90' lang='lat'>.</span> 
     </span>
     <span class='ocr_line' id='line_1_23' title="bbox 121 2718 1176 2813; baseline 0.024 -27"><span class='ocrx_word' id='word_1_148' title='bbox 121 2722 302 2792; x_wconf 87' lang='lat' dir='ltr'>adsuerant</span> <span class='ocrx_word' id='word_1_149' title='bbox 317 2718 478 2812; x_wconf 78' lang='lat' dir='ltr'>pluvialis</span> <span class='ocrx_word' id='word_1_150' title='bbox 494 2743 628 2813; x_wconf 77' lang='lat' dir='ltr'>aquuet</span> <span class='ocrx_word' id='word_1_151' title='bbox 651 2736 744 2794; x_wconf 85' lang='lat' dir='ltr'>tenet</span> <span class='ocrx_word' id='word_1_152' title='bbox 759 2724 829 2789; x_wconf 85' lang='lat' dir='ltr'>ima</span> <span class='ocrx_word' id='word_1_153' title='bbox 844 2721 991 2789; x_wconf 78' lang='lat' dir='ltr'>lacunae</span> <span class='ocrx_word' id='word_1_154' title='bbox 1017 2721 1020 2728; x_wconf 75' lang='grc'><strong>’</strong></span> <span class='ocrx_word' id='word_1_155' title='bbox 1115 2744 1176 2811; x_wconf 83' lang='grc' dir='ltr'>335Ι</span> 
     </span>
     <span class='ocr_line' id='line_1_24' title="bbox 119 2825 987 2920; baseline 0.006 -30"><span class='ocrx_word' id='word_1_156' title='bbox 119 2825 206 2897; x_wconf 90' lang='lat' dir='ltr'>lenta</span> <span class='ocrx_word' id='word_1_157' title='bbox 223 2832 314 2898; x_wconf 89' lang='lat' dir='ltr'>salix</span> <span class='ocrx_word' id='word_1_158' title='bbox 330 2831 500 2919; x_wconf 81' lang='lat' dir='ltr'>ulvaeque</span> <span class='ocrx_word' id='word_1_159' title='bbox 517 2833 611 2898; x_wconf 85' lang='lat' dir='ltr'>leves</span> <span class='ocrx_word' id='word_1_160' title='bbox 624 2831 788 2920; x_wconf 87' lang='lat' dir='ltr'>juncique</span> <span class='ocrx_word' id='word_1_161' title='bbox 804 2832 987 2917; x_wconf 79' lang='lat' dir='ltr'>palustres,</span> 
     </span>
     <span class='ocr_line' id='line_1_25' title="bbox 121 2934 1126 3026; baseline -0.001 -25"><span class='ocrx_word' id='word_1_162' title='bbox 121 2934 314 3025; x_wconf 85' lang='lat' dir='ltr'>viminaque</span> <span class='ocrx_word' id='word_1_163' title='bbox 329 2950 363 3003; x_wconf 82' lang='lat' dir='ltr'>&#39;et</span> <span class='ocrx_word' id='word_1_164' title='bbox 375 2939 484 3026; x_wconf 72' lang='lat' dir='ltr'>¹&#39;longa</span> <span class='ocrx_word' id='word_1_165' title='bbox 501 2955 628 3024; x_wconf 80' lang='lat' dir='ltr'>parvae</span> <span class='ocrx_word' id='word_1_166' title='bbox 645 2939 709 3003; x_wconf 87' lang='lat' dir='ltr'>sub</span> <span class='ocrx_word' id='word_1_167' title='bbox 723 2935 894 3003; x_wconf 85' lang='lat' dir='ltr'>arundine</span> <span class='ocrx_word' id='word_1_168' title='bbox 910 2955 1059 3001; x_wconf 85' lang='lat' dir='ltr'>cannae.</span> <span class='ocrx_word' id='word_1_169' title='bbox 1083 3007 1087 3014; x_wconf 25' lang='lat'><strong><em>¹</em></strong></span> <span class='ocrx_word' id='word_1_170' title='bbox 1104 2958 1126 2991; x_wconf 84' lang='grc'>’.</span> 
     </span>
    </p>

    <p class='ocr_par' dir='ltr' id='par_1_6' title="bbox 26 3034 1181 3980">
     <span class='ocr_line' id='line_1_26' title="bbox 161 3034 1181 3138; baseline -0.004 -28"><span class='ocrx_word' id='word_1_171' title='bbox 161 3043 254 3110; x_wconf 86' lang='lat' dir='ltr'>Hinc</span> <span class='ocrx_word' id='word_1_172' title='bbox 271 3064 357 3129; x_wconf 82' lang='lat' dir='ltr'>aper</span> <span class='ocrx_word' id='word_1_173' title='bbox 368 3043 504 3138; x_wconf 65' lang='lat' dir='ltr'>exrcitos</span> <span class='ocrx_word' id='word_1_174' title='bbox 521 3044 652 3110; x_wconf 86' lang='lat' dir='ltr'>medios</span> <span class='ocrx_word' id='word_1_175' title='bbox 668 3044 839 3110; x_wconf 89' lang='lat' dir='ltr'>violentus</span> <span class='ocrx_word' id='word_1_176' title='bbox 854 3043 891 3107; x_wconf 91' lang='lat' dir='ltr'>in</span> <span class='ocrx_word' id='word_1_177' title='bbox 907 3042 1025 3108; x_wconf 87' lang='lat' dir='ltr'>hostes</span> <span class='ocrx_word' id='word_1_178' title='bbox 1178 3034 1181 3040; x_wconf 77' lang='grc'><strong>’</strong></span> 
     </span>
     <span class='ocr_line' id='line_1_27' title="bbox 121 3146 1172 3237; baseline 0.001 -26"><span class='ocrx_word' id='word_1_179' title='bbox 121 3146 231 3228; x_wconf 87' lang='lat' dir='ltr'>fertur,</span> <span class='ocrx_word' id='word_1_180' title='bbox 249 3162 288 3216; x_wconf 94' lang='lat' dir='ltr'>ut</span> <span class='ocrx_word' id='word_1_181' title='bbox 303 3152 459 3218; x_wconf 87' lang='lat' dir='ltr'>excussis</span> <span class='ocrx_word' id='word_1_182' title='bbox 475 3149 550 3217; x_wconf 85' lang='lat' dir='ltr'>elisi</span> <span class='ocrx_word' id='word_1_183' title='bbox 568 3149 716 3216; x_wconf 86' lang='lat' dir='ltr'>nubibus</span> <span class='ocrx_word' id='word_1_184' title='bbox 732 3149 844 3237; x_wconf 86' lang='lat' dir='ltr'>ignes.</span> <span class='ocrx_word' id='word_1_185' title='bbox 873 3150 877 3158; x_wconf 77' lang='grc'><em>“</em></span> <span class='ocrx_word' id='word_1_186' title='bbox 1168 3227 1172 3232; x_wconf 90' lang='lat'>.</span> 
     </span>
     <span class='ocr_line' id='line_1_28' title="bbox 121 3256 1170 3346; baseline 0.001 -25"><span class='ocrx_word' id='word_1_187' title='bbox 121 3257 275 3323; x_wconf 85' lang='lat' dir='ltr'>sternitur</span> <span class='ocrx_word' id='word_1_188' title='bbox 290 3257 431 3324; x_wconf 89' lang='lat' dir='ltr'>incursu</span> <span class='ocrx_word' id='word_1_189' title='bbox 447 3279 583 3333; x_wconf 90' lang='lat' dir='ltr'>nemus,</span> <span class='ocrx_word' id='word_1_190' title='bbox 601 3269 634 3322; x_wconf 90' lang='lat' dir='ltr'>et</span> <span class='ocrx_word' id='word_1_191' title='bbox 648 3257 813 3342; x_wconf 85' lang='lat' dir='ltr'>propulsa</span> <span class='ocrx_word' id='word_1_192' title='bbox 830 3256 1005 3346; x_wconf 82' lang='lat' dir='ltr'>fragorem</span> <span class='ocrx_word' id='word_1_193' title='bbox 1118 3283 1170 3338; x_wconf 84' lang='lat'>340</span> 
     </span>
     <span class='ocr_line' id='line_1_29' title="bbox 119 3360 1073 3453; baseline -0.003 -25"><span class='ocrx_word' id='word_1_194' title='bbox 119 3362 200 3431; x_wconf 82' lang='lat' dir='ltr'>silva</span> <span class='ocrx_word' id='word_1_195' title='bbox 217 3365 289 3430; x_wconf 88' lang='lat' dir='ltr'>dat.</span> <span class='ocrx_word' id='word_1_196' title='bbox 337 3363 546 3430; x_wconf 81' lang='lat' dir='ltr'>Exclamant</span> <span class='ocrx_word' id='word_1_197' title='bbox 557 3364 716 3453; x_wconf 79' lang='lat' dir='ltr'>juvenes,</span> <span class='ocrx_word' id='word_1_198' title='bbox 733 3376 979 3449; x_wconf 81' lang='lat' dir='ltr'>praetentaque</span> <span class='ocrx_word' id='word_1_199' title='bbox 994 3360 1073 3427; x_wconf 85' lang='lat' dir='ltr'>forti</span> 
     </span>
     <span class='ocr_line' id='line_1_30' title="bbox 118 3467 841 3538; baseline -0.001 -4"><span class='ocrx_word' id='word_1_200' title='bbox 118 3472 182 3538; x_wconf 85' lang='lat' dir='ltr'>tela</span> <span class='ocrx_word' id='word_1_201' title='bbox 196 3483 317 3537; x_wconf 90' lang='lat' dir='ltr'>tenent</span> <span class='ocrx_word' id='word_1_202' title='bbox 331 3473 453 3538; x_wconf 82' lang='lat' dir='ltr'>dextra</span> <span class='ocrx_word' id='word_1_203' title='bbox 469 3472 538 3537; x_wconf 86' lang='lat' dir='ltr'>lato</span> <span class='ocrx_word' id='word_1_204' title='bbox 553 3467 723 3536; x_wconf 72' lang='lat' dir='ltr'>uibrantia</span> <span class='ocrx_word' id='word_1_205' title='bbox 740 3470 841 3534; x_wconf 83' lang='lat' dir='ltr'>ferro.</span> 
     </span>
     <span class='ocr_line' id='line_1_31' title="bbox 26 3573 963 3664; baseline -0.001 -25"><span class='ocrx_word' id='word_1_206' title='bbox 26 3595 27 3614; x_wconf 63' lang='lat'>¹</span> <span class='ocrx_word' id='word_1_207' title='bbox 118 3573 171 3644; x_wconf 91' lang='lat' dir='ltr'>ille</span> <span class='ocrx_word' id='word_1_208' title='bbox 187 3578 256 3644; x_wconf 90' lang='lat' dir='ltr'>ruit</span> <span class='ocrx_word' id='word_1_209' title='bbox 271 3577 471 3664; x_wconf 78' lang='lat' dir='ltr'>spargitque</span> <span class='ocrx_word' id='word_1_210' title='bbox 488 3595 606 3654; x_wconf 65' lang='lat' dir='ltr'>canes</span> <span class='ocrx_word' id='word_1_211' title='bbox 623 3587 661 3641; x_wconf 92' lang='lat' dir='ltr'>ut</span> <span class='ocrx_word' id='word_1_212' title='bbox 677 3577 821 3663; x_wconf 87' lang='lat' dir='ltr'>quisque</span> <span class='ocrx_word' id='word_1_213' title='bbox 838 3573 963 3639; x_wconf 85' lang='lat' dir='ltr'>furenti</span> 
     </span>
     <span class='ocr_line' id='line_1_32' title="bbox 119 3680 1000 3770; baseline -0.007 -21"><span class='ocrx_word' id='word_1_214' title='bbox 119 3685 237 3761; x_wconf 88' lang='lat' dir='ltr'>obstat,</span> <span class='ocrx_word' id='word_1_215' title='bbox 256 3696 291 3750; x_wconf 84' lang='lat' dir='ltr'>et</span> <span class='ocrx_word' id='word_1_216' title='bbox 303 3685 445 3770; x_wconf 84' lang='lat' dir='ltr'>obliquo</span> <span class='ocrx_word' id='word_1_217' title='bbox 463 3684 625 3748; x_wconf 83' lang='lat' dir='ltr'>latrantes</span> <span class='ocrx_word' id='word_1_218' title='bbox 641 3680 784 3767; x_wconf 87' lang='lat' dir='ltr'>dissipat</span> <span class='ocrx_word' id='word_1_219' title='bbox 800 3682 879 3746; x_wconf 83' lang='lat' dir='ltr'>ictu.</span> <span class='ocrx_word' id='word_1_220' title='bbox 993 3747 1000 3761; x_wconf 9' lang='lat' dir='ltr'>w,</span> 
     </span>
     <span class='ocr_line' id='line_1_33' title="bbox 120 3787 1167 3876; baseline -0.005 -20"><span class='ocrx_word' id='word_1_221' title='bbox 120 3792 231 3876; x_wconf 92' lang='lat' dir='ltr'>cuspis</span> <span class='ocrx_word' id='word_1_222' title='bbox 248 3787 419 3856; x_wconf 85' lang='lat' dir='ltr'>Echionio</span> <span class='ocrx_word' id='word_1_223' title='bbox 435 3788 581 3874; x_wconf 84' lang='lat' dir='ltr'>primum</span> <span class='ocrx_word' id='word_1_224' title='bbox 600 3800 753 3853; x_wconf 89' lang='lat' dir='ltr'>contorta</span> <span class='ocrx_word' id='word_1_225' title='bbox 769 3788 898 3851; x_wconf 83' lang='lat' dir='ltr'>lacerto</span> <span class='ocrx_word' id='word_1_226' title='bbox 956 3834 959 3842; x_wconf 84' lang='lat'><em>.</em></span> <span class='ocrx_word' id='word_1_227' title='bbox 1115 3809 1167 3864; x_wconf 81' lang='lat'>345</span> 
     </span>
     <span class='ocr_line' id='line_1_34' title="bbox 119 3889 999 3980; baseline -0.014 -18"><span class='ocrx_word' id='word_1_228' title='bbox 119 3915 206 3964; x_wconf 82' lang='lat' dir='ltr'>vana</span> <span class='ocrx_word' id='word_1_229' title='bbox 221 3895 298 3974; x_wconf 76' lang='lat' dir='ltr'>suit,</span> <span class='ocrx_word' id='word_1_230' title='bbox 313 3889 505 3980; x_wconf 83' lang='lat' dir='ltr'>truncoque</span> <span class='ocrx_word' id='word_1_231' title='bbox 519 3895 613 3960; x_wconf 87' lang='lat' dir='ltr'>dedit</span> <span class='ocrx_word' id='word_1_232' title='bbox 628 3894 704 3958; x_wconf 85' lang='lat' dir='ltr'>leve</span> <span class='ocrx_word' id='word_1_233' title='bbox 720 3892 845 3956; x_wconf 79' lang='lat' dir='ltr'>vulnus</span> <span class='ocrx_word' id='word_1_234' title='bbox 861 3898 999 3955; x_wconf 77' lang='lat' dir='ltr'>acerno&#39;</span> 
     </span>
    </p>
   </div>
   <div class='ocr_carea' id='block_1_3' title="bbox 120 3995 867 4156">
    <p class='ocr_par' dir='ltr' id='par_1_7' title="bbox 120 3995 867 4156">
     <span class='ocr_line' id='line_1_35' title="bbox 120 3995 867 4089; baseline -0.015 -22"><span class='ocrx_word' id='word_1_235' title='bbox 120 4003 289 4089; x_wconf 89' lang='lat' dir='ltr'>proxima,</span> <span class='ocrx_word' id='word_1_236' title='bbox 307 4001 337 4068; x_wconf 91' lang='lat' dir='ltr'>si</span> <span class='ocrx_word' id='word_1_237' title='bbox 353 3999 468 4066; x_wconf 85' lang='lat' dir='ltr'>nimiis</span> <span class='ocrx_word' id='word_1_238' title='bbox 483 3995 643 4064; x_wconf 85' lang='lat' dir='ltr'>mittentis</span> <span class='ocrx_word' id='word_1_239' title='bbox 659 3999 788 4061; x_wconf 87' lang='lat' dir='ltr'>viribus</span> <span class='ocrx_word' id='word_1_240' title='bbox 803 4015 867 4058; x_wconf 84' lang='lat' dir='ltr'>usa</span> 
     </span>
     <span class='ocr_line' id='line_1_36' title="bbox 636 4103 654 4156; baseline 0 0"><span class='ocrx_word' id='word_1_241' title='bbox 636 4103 654 4156; x_wconf 91' lang='lat'>6</span> 
     </span>
    </p>
   </div>
   <div class='ocr_carea' id='block_1_4' title="bbox 0 0 1360 4325">
    <p class='ocr_par' dir='ltr' id='par_1_8' title="bbox 0 0 1360 4325">
     <span class='ocr_line' id='line_1_37' title="bbox 0 0 1360 4325; baseline 0 0"><span class='ocrx_word' id='word_1_242' title='bbox 0 0 1360 4325; x_wconf 95' lang='lat' dir='ltr'> </span> 
     </span>
    </p>
   </div>
  </div>
 </body>
</html>
