2709 4325
117 194 151 251 V.
163 192 239 267 39b]
352 179 575 269 Proserpina
598 180 628 245 is
651 178 761 246 stolen
783 178 827 265 by
849 177 967 246 Pluto.
1142 192 1183 265 51

32 400 41 419 ·
123 372 340 463 depositique
360 388 486 453 metus,
504 376 598 443 videt
613 376 708 442 bunc
724 374 877 463 Erycina
891 383 1081 463 vagantem

122 494 230 545 monte
247 502 318 548 suo
335 484 509 559 residens,
527 494 714 568 natumque
731 482 892 568 amplexa
908 482 1082 547 volucrem

127 582 254 651 ‘Arma
272 609 477 675 manusque
493 608 605 663 meae,
623 608 716 663 mea,
734 598 827 663 nate,
844 585 1018 672 potentia,’
1034 585 1121 652 dixit

127 689 216 768 ‘illa,
233 694 371 779 quibus
386 716 531 779 superas
546 714 681 769 omnes,
699 714 786 779 cape
801 693 883 769 tela,
900 691 1051 779 Cupide,

127 792 224 881 inque
241 796 303 861 dei
320 808 444 883 pectus
460 797 590 882 celeres
606 795 726 861 molire
742 794 898 883 sagittas,

128 901 178 963 cui
192 901 345 987 triplicis
363 902 465 968 cessit
481 903 616 969 senuna
633 899 819 966 novissima
835 882 947 989 regni.

129 1016 162 1069 tu
177 1027 326 1093 superos
342 1008 525 1095 ipsumque
538 1007 676 1095 Jovem,
692 1017 729 1071 tu
745 1006 886 1071 numina
901 1006 997 1093 ponti

130 1112 215 1177 victa
232 1113 574 1201 domas,‚ipsumque
590 1113 677 1201 regit
693 1112 751 1201 qui
768 1111 910 1178 numina
926 1112 1033 1200 ponti·
1133 1144 1186 1200 370

132 1216 278 1285 Tartara
295 1220 379 1308 quid
396 1218 555 1287 cessant?
578 1240 639 1285 cur
650 1240 725 1307 ,non
742 1218 926 1306 matrisque
942 1230 1107 1308 tuumque

128 1322 314 1410 ,imperium
330 1325 486 1413 profers?
509 1325 623 1414 agitur
639 1346 719 1411 pars
735 1323 832 1391 tertia
849 1324 978 1391 muudi.

135 1441 296 1499 ettamen
312 1434 348 1499 in
365 1434 477 1509 caelo,
495 1453 585 1520 quae
598 1432 669 1521 jam
688 1430 852 1517 patientia
867 1441 983 1497 nostra
999 1441 1063 1508 est,

135 1540 339 1623 spernimur,
357 1560 400 1619 ac
415 1560 553 1605 mecum
569 1538 659 1605 vires
676 1538 875 1602 minuuntur
889 1535 1042 1603 Amoris.

137 1642 277 1711 Pallada
292 1667 409 1712 nonne
425 1645 523 1711 vides
535 1643 841 1733 jaculatricemque
858 1641 1009 1709 Dianam
1133 1671 1184 1731 375

138 1750 339 1819 abscessisse
357 1750 465 1819 mibi?
488 1750 625 1817 Cereris
640 1771 777 1837 quoque
792 1749 864 1815 filia
878 1750 992 1838 virgo,

138 1857 163 1921 si
178 1859 358 1943 patiemur,
378 1858 462 1933 erit3
487 1878 568 1923 nam
586 1878 665 1943 spes
682 1856 831 1922 adfectat
846 1856 1000 1923 easdem.

138 1975 170 2028 at
182 1975 230 2041 tu,
248 1952 310 2051 pro
327 1963 423 2031 socio
442 1964 559 2052 (siqua
575 1974 627 2029 est
642 1984 684 2029 ea
700 1963 830 2051 gratia)
851 1983 973 2050 regnu,

135 2070 237 2158 junge
252 2072 356 2137 deam
373 2070 520 2157 patruo!
565 2067 663 2135 Dixit
677 2068 818 2144 Venus3
842 2069 900 2135 ille
916 2069 1114 2155 pharetram

140 2179 244 2255 solvit,
255 2189 301 2258 et,
311 2177 452 2244 arbitrio
469 2176 597 2253 matris,
615 2178 658 2243 de
678 2176 772 2242 mille
788 2177 920 2264 sagittis
1132 2195 1185 2262 380

140 2305 235 2350 unam
251 2283 419 2370 seposuit,
438 2284 505 2353 sed¹
515 2303 585 2370 qua
601 2304 666 2349 nec
682 2282 814 2350 acutior
829 2283 913 2359 ulla,

141 2411 197 2456 nec
212 2391 326 2458 minus
343 2390 475 2456 incerta
492 2401 555 2465 est,
574 2410 640 2454 nec
655 2409 745 2477 quae
761 2389 876 2477 magis
891 2390 1009 2457 audiat
1023 2410 1136 2456 arcus.

141 2497 357 2585 oppositoque
373 2517 467 2585 genu
484 2495 639 2562 curvavit
653 2494 769 2560 flexile
785 2515 915 2574 cornu:

141 2600 233 2690 inque
249 2625 310 2670 cor
327 2605 467 2698 hamata
484 2602 650 2689 percussit
666 2603 834 2670 arundine
850 2603 979 2671 Ditem.

179 2711 284 2778 Haud
299 2712 421 2796 procul
440 2708 618 2778 Hennaeis
635 2710 733 2777 lacus
748 2721 801 2776 est
816 2731 837 2775 a
854 2710 1032 2775 moenibus
1048 2708 1151 2791 altae,
1183 2779 1186 2783 f

140 2819 269 2896 nomine
285 2818 436 2906 Pergus,
453 2836 575 2904 aquae.
624 2814 707 2882 Non
723 2816 782 2882 illo
798 2816 896 2901 plura
913 2814 1079 2902 Caystros

141 2926 285 2991 carmina
303 2945 492 3012 cycnorum
507 2924 701 2989 labentibus
718 2923 862 2990 auditio
878 2923 992 2988 undis.

142 3031 216 3096 silva
232 3041 377 3098 coronat
393 3050 501 3116 aquas
518 3029 663 3118 cingens
678 3030 768 3094 latus
782 3050 899 3105 omne,
916 3029 1056 3115 suisque

141 3136 309 3204 frondibus
325 3147 363 3206 ut
377 3135 455 3206 velo
471 3135 651 3201 Phoebeos
668 3136 848 3200 submovet
861 3134 972 3223 ignes.

141 3244 259 3334 frigora
277 3245 362 3310 dant
378 3241 478 3319 rami,
495 3242 623 3330 Tyrios
640 3243 766 3314 humus
783 3241 924 3306 humida
940 3239 1063 3305 flores:
1131 3269 1184 3326 390

141 3359 335 3436 perpetuum
351 3370 412 3414 ver
428 3359 490 3416 est.
539 3347 620 3433 Quo
637 3349 718 3414 dum
736 3347 942 3432 Proserpina
959 3346 1037 3410 luco

141 3455 228 3533 ludit,
247 3466 281 3521 et
296 3465 358 3520 aut
372 3453 480 3520 violas
497 3464 555 3520 aut
571 3453 719 3519 candida
736 3453 807 3518 lilia
823 3452 944 3538 carpit,
1001 3522 1003 3525 ,

141 3563 283 3649 dumque
300 3559 445 3646 puellari
461 3560 573 3626 studio
590 3559 812 3645 calathosque
828 3559 1009 3643 sinumque

141 3667 263 3754 implet,
282 3679 316 3735 et
333 3667 495 3752 aequales
511 3657 618 3732 certat
633 3684 796 3748 superare
811 3663 976 3746 legendo,

142 3793 244 3858 paene
261 3770 364 3837 simul
380 3770 454 3835 visa
470 3779 521 3836 est
535 3769 729 3850 dilectaque
745 3776 911 3845 raptaque
929 3759 1020 3822 Diti:
1129 3783 1180 3834 395
