2709 4325
132 242 253 317 vona]
442 227 479 293 Τ
472 228 515 292 te
544 226 631 293 Tale
646 230 702 313 ‘ry‘
714 226 905 294 Arethusa.
1137 243 1187 315 ‚57

132 443 203 485 cum
221 431 333 487 matr'e
350 433 405 488 est
420 422 574 500 totidem,
592 424 733 489 totidem
749 442 828 487 cum
844 422 993 511 conjuge
1009 436 1156 491 menses.

130 528 266 591 vertitur
281 529 463 613 extemplo
480 529 587 593 facies
603 540 636 593 et
652 528 776 592 mentis
793 529 930 593 etom's:

129 653 205 696 nam
223 636 331 699 modo
347 653 440 719 quae
456 644 589 719 poterat
603 634 675 699 Diti
691 654 828 719 quoque
845 645 975 699 maesta
989 635 1112 713 videri,

127 738 214 802 laeta
230 739 324 803 deae
341 740 437 804 irons
454 750 505 803 est
515 762 525 813 3
550 749 588 804 ut
604 740 667 814 sol,
686 739 744 825 qui
760 750 869 804 tectus
886 740 1025 827 aquosis
1132 772 1186 830 570

126 844 277 910 nubibus
295 856 375 910 ante
392 844 466 920 fuit,
483 844 618 911 victine
636 845 784 911 nubibus
799 845 880 909 exit.

168 950 294 1038 Exigit
311 953 404 1021 alma
421 950 542 1027 Ceres,
561 962 641 1016 nata
658 971 780 1016 secura
795 961 948 1037 recepta,

126 1077 212 1143 quae
229 1057 295 1122 tibi
311 1072 419 1123 causa
432 1058 553 1144 fugae,
573 1056 710 1132 cursis,
727 1056 915 1134 Arethusa,
933 1052 1033 1125 sacer
1046 1055 1147 1125 sons?

127 1163 326 1228 conticuere
341 1164 478 1227 undae:
504 1176 649 1250 quarum
666 1164 734 1228 dea
750 1164 884 1228 sustulit
900 1165 969 1231 alto

124 1268 217 1333 fonte
235 1279 355 1355 caput,
374 1269 569 1355 viridesque
587 1286 692 1334 manu
708 1270 837 1335 siccata
852 1270 996 1356 capillos
1131 1300 1183 1360 ⁵75

126 1374 278 1441 fluminis
296 1374 375 1440 Elei
390 1386 523 1441 veteres
540 1376 691 1441 narravit
707 1372 863 1443 amores:

128 1480 236 1547 ‘Pars
254 1500 322 1569 ego
339 1483 587 1568 nympharum,
604 1498 694 1569 quae
709 1494 789 1548 sunt
804 1482 839 1548 in
854 1478 1041 1561 Achaide?
1058 1484 1157 1563 dixit,

128 1598 219 1653 ‘una
236 1590 307 1664 fui3
329 1604 400 1654 ttrec
416 1606 471 1654 me
487 1589 671 1655 studiosius
688 1591 795 1655 altera
811 1591 918 1657 saltus

127 1692 222 1783 legit,
240 1716 307 1760 nec
324 1695 438 1781 posuit
454 1690 637 1761 studiosius
653 1696 760 1762 altera
776 1716 903 1763 casses.

122 1802 187 1868 sed
202 1801 364 1889 quamvis
380 1801 510 1867 formae
524 1800 715 1888 'numquam
732 1802 816 1867 mihi
831 1802 925 1869 lama
940 1802 1046 1889 petita
1057 1814 1124 1883 est,

127 1909 284 1996 quamvis
300 1908 397 1973 sortis
413 1920 522 1984 eram,
541 1908 711 1973 formosae
726 1926 852 1975 nomen
870 1909 1054 1976 habebam.

127 2036 190 2081 nec
206 2035 284 2081 mea
302 2035 360 2079 me
376 2013 483 2079 facies
499 2013 642 2079 nimium
658 2015 798 2081 laudata
810 2016 974 2105 juvabatt
1068 2018 1072 2022 ’

127 2141 260 2211 quaque
278 2116 370 2187 aliae
387 2121 541 2211 gaudere
555 2122 678 2200 solent,
697 2142 764 2210 ego
778 2122 906 2189 rustica
922 2124 1001 2191 dote

128 2230 277 2316 corporis
294 2227 429 2304 erubui,
444 2228 646 2316 'crimenque
662 2230 802 2315 placere
816 2231 946 2316 putavi.

168 2337 306 2404 ‘Lassa
325 2335 534 2412 revertebar,
553 2335 706 2411 memini,
725 2334 968 2424 Stymphalide
984 2339 1092 2407 silvas
1127 2361 1178 2431 535

128 2457 236 2514 aestus
254 2457 342 2524 erat,
362 2459 597 2535 magnumque
612 2444 710 2510 labor
727 2444 963 2532 geminaverat
979 2459 1124 2514 aestum.

126 2551 260 2621 invenio
278 2554 354 2621 sine
370 2553 496 2620 vertice
513 2571 634 2640 aquas,
658 2550 732 2616 sine
749 2570 921 2618 murmure
937 2565 1071 2632 euntes,

125 2662 325 2748 perspicuas
341 2663 386 2728 a'd
403 2663 559 2738 humum,
578 2677 641 2748 per
654 2677 743 2750 quas
756 2658 980 2729 numerabilis
996 2663 1063 2730 alte

125 2769 276 2860 calculus
293 2769 406 2834 omnis
419 2779 503 2844 erat,
519 2781 607 2855 quas
622 2779 660 2834 tu
673 2769 734 2834 vix
748 2770 799 2834 ire
814 2781 965 2855 putares.

124 2888 209 2940 cana
225 2876 347 2942 salicta
362 2863 492 2942 dabant
507 2867 698 2964 mannaque
715 2878 862 2963 populm
877 2876 972 2942 unda
1125 2899 1177 2966 59⁶

124 2993 242 3067 sponte
256 3003 324 3048 sua
340 2992 440 3048 natas
450 2983 540 3070 ripis
555 2983 745 3048 declivibus
760 2983 910 3049 umbras.

124 3089 267 3165 accessi,
285 3090 504 3178 primumque
520 3090 618 3177 pedis
632 3089 779 3178 vestigia
794 3088 894 3166 tinxi,

123 3197 250 3281 poplite
267 3197 393 3262 deinde
408 3207 528 3274 tenust
552 3187 664 3287 n'eque
682 3210 727 3262 ‘eo
743 3191 914 3274 contenta,
931 3196 1105 3287 recingor,

123 3305 309 3391 molliaque
326 3305 465 3392 impono
476 3305 579 3372 salici
596 3305 769 3372 velatni'na
787 3321 927 3382 curvae,

123 3411 285 3498 nudaque
299 3415 441 3499 'mergor
456 3410 575 3498 nquior
600 3431 687 3499 quas
701 3413 787 3494 'dum
801 3410 954 3498 serioque
970 3412 1136 3500 trahoque

123 3501 345 3582 mille'modis
361 3518 492 3594 labens,
512 3530 726 3604 excussaque
741 3511 904 3582 bracchia
916 3516 1022 3605 jacto,

122 3621 349 3710 nescioquod
366 3623 479 3688 medio
496 3618 587 3687 sensi
604 3625 667 3687 sub
683 3623 820 3708 gurgite
837 3626 1003 3694 murmur,

123 3729 309 3816 territaque
324 3727 442 3793 insisto
459 3727 626 3812 propioris
641 3719 800 3810 margine
816 3724 924 3806 ripae.
