2709 4325
128 229 193 316 178
501 232 652 299 Skorter
673 233 809 300 Poems.
1042 245 1197 320 [Tmsm.

126 427 263 515 Perque
283 409 528 515 novos'pontes
546 429 661 495 subter
677 429 871 494 labentibus
886 424 989 492 undis

174 534 316 599 Ducunt
333 531 515 598 Sarmatici
533 535 681 599 barbara
698 536 851 620 plaustra
868 534 985 598 boves.

126 640 198 706 Vix
215 641 374 728 equidem
396 640 538 704 credar:
564 640 626 706 sed
642 661 721 704 cum
739 641 806 705 sint
821 637 975 724 praemia
992 634 1070 702 salsi
1152 665 1188 723 35

173 748 294 825 Nulla,
312 757 421 812 ratam
441 729 548 810 debet
558 746 651 811 testis
669 746 930 812 habereiidem.

130 855 289 921 Vidimus
305 854 481 942 ingentem
500 851 614 939 glacie
632 852 817 917 consistere
834 861 990 937 pontum,

174 961 393 1047 Lubrieaque
411 960 557 1027 inmotas
575 969 661 1023 testa
678 958 856 1042 premebat
871 977 993 1043 aquas.

129 1068 207 1134 Nec
222 1067 349 1134 vidisse
365 1077 418 1132 sat
432 1077 504 1132 est:
530 1065 654 1131 durum
671 1064 883 1129 calcavimus
900 1081 1040 1148 aequor,

173 1175 346 1261 Undaque
363 1196 431 1240 non
447 1173 517 1239 udo
533 1172 596 1238 sub
613 1171 703 1255 pede
719 1180 854 1236 summa
870 1169 945 1234 fuit.
1152 1196 1191 1249 40

129 1280 167 1346 Si
185 1281 244 1357 tibi
261 1282 328 1348 tale
344 1280 467 1346 fretum
483 1279 671 1366 quondam,
690 1274 865 1351 Leandre‚
883 1275 1032 1370 fuisset,-

174 1387 256 1452 Non
273 1387 359 1453 soret
375 1398 542 1473 angustae
559 1405 650 1449 mors
666 1394 725 1449 tua
742 1382 873 1447 crimen
890 1401 1014 1467 aquae.

129 1492 222 1558 Tum
240 1514 352 1580 neque
368 1514 405 1558 se
422 1492 526 1579 pandi
544 1500 686 1577 possunt
702 1488 885 1574 delphines
901 1487 936 1552 in
953 1506 1056 1552 auras

172 1599 334 1668 Tollere=
358 1610 521 1665 conantes
538 1599 622 1663 dura
640 1601 777 1662 coercet
794 1595 918 1660 hiems.

129 1704 173 1770 Et
189 1705 345 1792 quamvis
363 1703 492 1769 Boreas
504 1703 640 1792 jactatis
657 1702 791 1768 insonet
808 1702 885 1777 alis,

174 1811 315 1876 Fluctus
344 1791 380 1874 in
407 1810 547 1876 obsesso
564 1809 701 1897 gurgite
717 1809 833 1873 nullus
850 1807 933 1883 erit3
1012 1876 1015 1879 ,

129 1917 354 2004 Inclusaeque
371 1918 453 2005 gelu
469 1918 618 1992 stabunt,
636 1927 673 1981 ut
690 1937 873 1991 marmore,
892 1935 1042 2001 puppes,

174 2023 252 2088 Nec
268 2023 390 2109 poterit
406 2022 536 2110 rigidas
553 2024 684 2088 findere
701 2044 817 2088 remus
834 2043 955 2114 aquas.

130 2128 289 2196 Vidimus
306 2129 341 2195 in
358 2129 467 2217 glacis
485 2128 597 2215 pisces
614 2129 757 2195 haerere
774 2129 913 2217 ligatos,

176 2236 247 2303 Sed
264 2258 343 2322 pars
360 2258 405 2301 ex
420 2236 487 2301 illis
503 2246 584 2309 tunc
600 2258 737 2323 quoque
753 2237 832 2301 viva
848 2236 919 2302 suit.
1155 2268 1198 2325 50

130 2343 212 2409 Sive
229 2342 332 2431 igitur
347 2342 443 2407 nimii
460 2341 593 2407 Boreae
609 2342 660 2407 vis
677 2363 784 2408 saeva
800 2344 963 2421 marinas,

176 2448 258 2515 Sive
275 2449 483 2517 redundatas
499 2447 640 2514 flumine
657 2449 751 2537 cogit
767 2471 889 2536 aquas,

129 2555 301 2631 Protinus,
319 2566 465 2643 aequato
481 2555 582 2633 siccis
599 2556 816 2643 aquilonibus
834 2556 965 2634 Histro,
983 2579 985 2582 ·

175 2659 351 2727 Invehitur
367 2662 471 2728 celeri
486 2661 655 2727 barbarus
672 2663 779 2729 hostis
796 2659 905 2750 equo:

130 2770 248 2835 Hostis
265 2789 352 2856 equo
369 2769 503 2856 pollens
519 2770 693 2857 longeque
709 2770 846 2835 volante
860 2769 987 2858 sagitta
1158 2804 1198 2863 55

173 2875 335 2941 Vicinam
351 2877 418 2941 late
436 2876 665 2961 depopulatur
681 2876 837 2941 humum.

130 2982 326 3071 Diffugiunt
341 2981 412 3058 alii,
431 2982 602 3069 nullisque
618 2982 792 3049 tuentibus
808 3000 912 3070 agros

174 3089 405 3163 incustoditae
422 3089 627 3175 diripiuntur
642 3111 749 3175 opes3

129 3195 235 3260 Ruris
251 3217 336 3281 opes
351 3216 492 3281 parvae,
511 3216 618 3281 pecus
634 3207 667 3261 et
683 3196 859 3262 stridentia
875 3196 1042 3283 plaustra,

176 3301 219 3367 Et
234 3323 321 3390 quas
338 3302 473 3368 divitias
490 3302 603 3368 incola
619 3323 751 3388 pauper
768 3303 882 3393 habet.
991 3341 994 3345 -
1157 3324 1203 3380 60

130 3407 216 3473 Pars
234 3409 347 3497 agitur
362 3408 484 3473 vinctis
500 3419 578 3494 post
593 3419 728 3495 tergum
745 3420 845 3493 capta
862 3405 1014 3486 lacertis,

176 3515 381 3599 Respiciens
397 3514 522 3579 frustra
538 3535 617 3578 rura
633 3514 810 3601 laremque
826 3537 947 3590 suum3

131 3620 217 3685 Pars
234 3621 325 3685 cadit
340 3620 487 3686 hamatis
504 3619 628 3687 misere
645 3621 782 3686 confixa
798 3621 951 3709 sagittis3

176 3726 270 3794 Nam
287 3728 417 3792 volucri
434 3727 524 3794 ferro
541 3726 670 3792 tinctile
687 3727 780 3793 virus
796 3728 895 3795 inest.

133 3832 235 3917 Quae
251 3844 425 3921 nequeunt
441 3854 559 3898 secum
575 3834 664 3898 ferre
682 3845 740 3898 aut
756 3835 941 3912 abducere,
960 3838 1122 3923 perdunt,
1157 3861 1202 3931 63

177 3938 221 4005 Et
237 3950 367 4007 cremat
381 3939 532 4007 insontes
549 3938 680 4007 hostica
695 3939 836 4008 flamma
853 3962 965 4009 casas.
