2709 4325
171 213 236 280 144
397 191 467 257 The
502 191 646 257 Wr'sdom
670 192 719 275 eff
731 188 837 275 Kr'ng
855 188 991 257 Numa.
1077 209 1221 280 [Mem

170 400 228 453 aut
245 387 422 453 hominum
437 376 543 464 certe,
563 398 632 452 tuta
648 407 725 452 esse
741 397 775 451 et
790 387 933 451 honesta
949 389 1116 466 sinamus,

169 517 256 560 neve
273 494 457 582 Thyesteis
475 495 691 558 cumulemus
707 494 840 558 viscera
857 493 997 558 mensis.

217 612 225 642 ‘
243 600 360 687 Quam
376 602 466 665 male
483 599 688 675 consuescit,
707 620 810 685 quam
828 620 865 663 se
881 610 978 683 parat
992 598 1049 666 ille
1066 600 1180 666 cruori

87 733 89 752 ¹
169 707 295 792 impius
312 709 475 782 humano,
494 705 588 770 vituli
605 705 663 792 qui
679 717 817 791 guttura
833 704 924 769 ferro
1107 690 1110 700 ¹

169 814 307 898 rumpit,
326 824 360 879 et
373 814 519 877 inmotas
537 813 678 896 praebet
695 811 881 898 mugitibus
898 809 1018 876 aures!
1165 828 1220 897 465

169 930 227 983 aut
242 919 301 1004 qui
318 919 453 1004 vagitus
470 917 600 983 similes
617 917 805 1003 puerilibus
822 916 984 980 haedum

168 1025 325 1090 edentem
338 1023 501 1111 jugulare
518 1033 639 1109 potest,
659 1033 718 1087 aut
734 1023 812 1088 alite
829 1022 936 1099 vesci,

168 1130 223 1194 cui
240 1131 333 1194 dedit
349 1130 423 1215 ipse
442 1129 557 1194 cibosl
592 1127 783 1212 Qantum
802 1140 865 1206 est,
883 1129 976 1215 quod
992 1129 1079 1196 desit
1093 1129 1130 1196 in
1146 1129 1221 1197 istis

168 1237 212 1301 ad
229 1237 369 1322 plenum
385 1234 542 1300 facinus?
565 1257 632 1320 quo
648 1235 810 1300 transitus
826 1235 906 1300 inde
918 1235 1083 1321 paratur?

167 1343 229 1408 bos
247 1353 330 1418 aret,
349 1353 408 1406 aut
423 1353 565 1408 mortem
583 1340 774 1406 senioribus
790 1341 933 1427 imputet
948 1343 1068 1417 annis3
1164 1373 1221 1428 470

168 1448 369 1514 horriferum
388 1459 506 1514 contra
522 1446 660 1512 Borean
676 1447 750 1512 ovis
767 1468 864 1511 arma
879 1444 1064 1522 ministret3

167 1557 274 1620 ubera
290 1556 372 1621 dent
387 1566 523 1620 saturae
539 1553 698 1618 manibus
714 1555 905 1639 pressanda
922 1554 1090 1639 capellae.

167 1661 251 1726 retia
268 1681 346 1726 cum
363 1660 507 1747 pedicis,
525 1660 680 1747 laquem,
700 1672 856 1747 artesque
872 1659 1012 1726 dolosas

167 1768 292 1842 tollite3
317 1788 382 1832 nec
399 1767 573 1832 volucrem
589 1766 720 1832 viscata
736 1766 842 1832 fallite
858 1765 980 1854 virga3

167 1896 233 1940 nec
249 1874 437 1940 formidatis
454 1893 574 1939 cervos
590 1873 721 1938 illudite
738 1872 882 1959 pennis3
964 1868 967 1872 ’
1128 1912 1132 1918 ·
1166 1903 1219 1960 475

166 2003 231 2048 nec
248 1982 356 2060 celate
373 1981 458 2046 cibis
475 2001 582 2046 uncos
598 1980 780 2046 fallacibus
796 1981 931 2046 hamos.
1098 2057 1101 2060 ⁴

166 2087 298 2175 perdite
329 2087 427 2174 siqua
458 2096 595 2163 nocent,
627 2106 748 2153 verum
783 2087 871 2152 haec
897 2107 1046 2175 quoque
1085 2084 1221 2173 perdite

301 2204 453 2258 tantumr

166 2321 227 2366 ora
242 2311 366 2365 vacent
381 2300 505 2385 epulis,
524 2300 754 2387 alimentaque
771 2299 865 2365 mitia
882 2300 1051 2385 carpant.’

210 2406 356 2471 Talibus
373 2417 473 2493 atque
490 2407 565 2471 aliis
581 2407 744 2472 instructo
760 2418 897 2492 pectore
912 2407 1013 2471 dictis
1064 2449 1069 2456 ι

165 2512 201 2577 in
218 2514 363 2598 patriam
379 2534 551 2578 remeasse
568 2512 693 2588 ferunt,
711 2514 866 2598 ultroque
884 2512 1026 2598 petitum
1166 2528 1223 2593 480

167 2619 342 2703 accepisse
359 2618 512 2683 Numam
530 2618 647 2703 populi
664 2617 815 2683 Latiaris
832 2620 1007 2683 habenas:

166 2725 314 2812 conjuge
331 2724 388 2812 qui
405 2724 488 2789 felix
503 2726 658 2811 nympha
675 2726 888 2811 ducibusque
904 2722 1069 2791 Camenis

166 2831 339 2896 sacrificos
356 2831 471 2896 docuit
486 2831 582 2906 ritus,
601 2842 810 2917 gentemque
826 2830 931 2895 feroci

153 2947 339 3003 assuetam
355 2938 445 3003 bello
462 2938 558 3023 pacis
574 2938 725 3002 traduxit
741 2939 785 3004 ad
802 2949 905 3003 artes.

165 3044 224 3129 qui
241 3053 420 3130 postquam
434 3043 551 3108 senior
566 3063 780 3130 regnumque
797 3062 988 3129 aevumque
1004 3040 1153 3129 peregit,

167 3132 369 3213 exstinctum
387 3148 576 3233 Latiaeque
593 3162 699 3213 nurus
715 3149 929 3234 populusque
945 3148 1133 3233 Patresque

167 3256 337 3321 deflevere
353 3252 520 3320 Numam.
682 3243 685 3251 ’
