2709 4325
129 202 233 296 tria]
447 207 530 275 Her
562 208 688 295 W‘cary
711 205 858 273 Search.

126 400 288 488 primaque
306 403 351 469 de
369 394 443 469 tota
459 404 662 469 tenuissima
678 422 837 490 quaeque
853 399 1057 487 liquescunt,

126 508 258 573 caerulei
276 509 409 586 crines,
429 510 597 597 digitique
615 520 649 573 et
665 522 765 573 crura
781 506 977 593 pedesque:

41 624 43 671 4
124 635 191 678 nam
206 614 323 680 brevis
340 615 379 680 in
396 616 532 703 gelidas
550 615 714 680 membris
731 612 878 678 exilibus
895 611 1007 677 undae

122 720 270 786 transitus
288 730 364 797 est3
390 722 572 806 posthaec
589 717 724 785 humeri
739 730 925 807 tergusque
939 717 1097 805 lataeque

121 812 320 915 pectoraque
337 827 375 892 iu
392 838 514 892 tenues
531 824 660 892 abeunt
675 824 822 890 evanida
838 822 942 889 rivos.
1117 852 1171 911 ⁴35

121 932 259 1020 denique
276 938 342 1019 p'ro
358 933 439 998 vivo
455 931 592 998 vitiatas
608 930 780 1019 sanguine
795 947 903 996 venae

119 1038 256 1125 lympha
273 1040 387 1114 subit3
413 1042 588 1125 restatque
604 1038 704 1113 nihii,
723 1036 815 1125 quod
830 1036 1000 1124 prendere
1014 1033 1138 1125 poenis.

159 1145 294 1211 Interea
312 1146 464 1231 pavidae
480 1145 690 1232 nequiquam
707 1144 778 1209 filiu
795 1144 893 1209 matri

119 1252 270 1318 omnibus
287 1263 342 1318 est
356 1252 469 1329 terris,
488 1250 582 1317 omni
599 1250 753 1339 quaesita
769 1249 952 1336 profundo.

119 1356 208 1423 illam
225 1368 294 1425 non
311 1358 393 1425 udis
409 1358 552 1423 veniens
569 1356 706 1423 Auiore
722 1356 857 1443 capillis
1119 1384 1174 1440 4⁴0

120 1468 305 1531 cessantem
323 1464 421 1541 vidit,
441 1484 510 1530 non
529 1464 731 1551 Hesperusz
754 1463 814 1528 illa
830 1462 966 1529 duabus

119 1568 337 1637 flammiferas
354 1572 458 1656 pinus
476 1570 635 1636 inanibus
652 1569 830 1636 succendit
846 1569 891 1634 ab
906 1567 1035 1646 Aetna,

120 1697 241 1763 perque
257 1678 443 1764 pruinosas
459 1678 535 1742 tulit
549 1676 740 1764 inrequieta
755 1676 926 1742 tenebras.

119 1803 229 1848 rursus
244 1784 306 1849 ubi
325 1783 419 1847 aima
436 1782 510 1848 dies
527 1782 706 1848 hebetarat
720 1783 848 1859 sidera,
866 1791 983 1847 natam

120 1889 195 1954 solis
211 1890 254 1955 ab
270 1904 401 1954 occasu
419 1887 501 1955 solis'
518 1890 705 1975 quaerebat
721 1890 765 1954 ad
782 1898 888 1955 ortua
1118 1914 1170 1977 445

119 1994 203 2060 fessa
220 1994 342 2061 labore
359 1992 449 2060 sitim
466 1996 666 2083 collegerat,
684 2004 814 2082 ora'que
831 1994 916 2059 nulli

120 2102 305 2169 colluerant
319 2102 454 2178 sontem
477 2104 556 2168 cum
572 2110 697 2168 tectam
714 2103 878 2169 stramine
894 2100 977 2168 vidit

120 2207 198 2274 sorte
215 2229 348 2285 casam,
367 2211 562 2296 parvasque
579 2210 669 2275 sores
686 2209 855 2295 pulsavit:
879 2220 913 2274 at
927 2209 1008 2274 inde

120 2315 225 2398 prodit
235 2315 344 2390 'anus‚
361 2313 548 2402 divamque
562 2315 667 2390 videt,
686 2316 935 2402 lymphamque
951 2313 1086 2403 roganti

119 2421 214 2487 dulce
232 2420 340 2498 dedit,
358 2423 446 2516 torta
462 2423 555 2507 quod
571 2419 705 2486 texerat
721 2432 798 2485 ente
815 2421 966 2506 polenta.
1115 2450 1171 2507 450

119 2527 195 2591 dum
211 2527 299 2592 bibit
313 2527 373 2592 illa
390 2527 521 2601 datum,
540 2527 617 2593 duri
633 2535 720 2614 puer
734 2527 803 2593 oris
818 2537 853 2592 et
867 2527 983 2592 audax

119 2633 263 2698 constitit
280 2643 359 2699 ante
377 2633 494 2710 deam,
512 2635 666 2721 risitque,
685 2634 891 2720 avidamque
905 2633 1052 2698 vocavit.

117 2739 247 2805 offensa
264 2749 335 2813 est3
360 2750 474 2826 neque
492 2742 606 2806 adhuc
622 2752 724 2826 epota
740 2750 836 2826 parte
853 2740 1049 2826 loquentem

118 2865 192 2909 cum
210 2845 341 2933 liquido
359 2847 469 2910 mixta
485 2846 637 2932 perfudit·
650 2848 730 2912 diva
747 2846 897 2932 polenta.

117 2951 277 3017 combibit
292 2973 331 3019 os
345 2953 511 3028 maculas,
527 2963 560 3019 et
575 2969 666 3040 quae
680 2953 781 3018 modo
798 2948 960 3018 bracchia
976 2949 1096 3038 gennit,
1115 2979 1172 3037 453·

117 3071 214 3123 crura
229 3059 319 3146 gerit
330 3081 349 3134 3·
367 3057 479 3123 cauda
495 3071 546 3126 est
562 3059 699 3124 mutatis
717 3049 832 3124 addita
849 3058 1032 3124 membris:

115 3164 216 3252 inque
231 3166 374 3230 brevem
391 3163 552 3243 forma-m,¹
568 3180 611 3232 ne
628 3166 671 3232 sit
685 3165 738 3231 vis
756 3156 884 3252 magna
898 3161 1060 3240 nocendi,

115 3271 344 3347 contrahitur,·
355 3279 530 3358 parvaque
548 3273 660 3337 minor
676 3290 837 3337 mensura
853 3262 1058 3337 lacerta'est.

115 3375 295 3442 miranter'rl
310 3375 518 3464 flentemque
536 3387 574 3444 et-
583 3387 728 3467 tangere
745 3389 896 3444 monstra
912 3387 1091 3464 parantem

113 3480 200 3570 sugit
217 3503 341 3558 anum,¹
355 3470 690 3571 latebramque'petit
700 3507 710 3561 ς
736 3491 920 3571 aptumque
936 3481 1043 3550 colori
1111 3497 1167 3564 460

112 3599 240 3656 nomen
256 3589 374 3664 habet,
392 3589 495 3654 variis
512 3591 665 3655 stelletus
681 3599 824 3674 corpora
840 3590 964 3676 guttis:

158 3691 259 3778 Qus
277 3695 343 3758 dea
360 3697 427 3778 pe'r'
438 3699 545 3758 terras
561 3706 596 3757 et
610 3715 697 3778 quus
713 3695 876 3756 erraverit
889 3693 1020 3762 undas.
