2709 4325
120 279 162 333 vi.
175 279 244 351 231.]
424 262 506 329 The
534 262 649 348 Gri'ef
662 262 711 347 of
722 261 850 329 Νίοῦε.
1116 259 1160 345 63

152 456 306 544 Adspicit
321 458 522 546 Alphenor,
540 458 738 545 laniataque
754 468 892 545 pectora
909 458 1081 548 plangens

117 564 252 642 advolat,
269 577 309 631 ut
325 568 465 654 gelidos
482 565 722 652 complexibus
737 565 862 630 allevet
878 576 992 640 artum

115 668 210 756 inque.
221 672 278 756 pio
296 674 393 739 cadit
408 672 635 748 officio,'nam
652 670 775 737 Delius
790 667 840 735 illi
1109 702 1162 758 ²50

115 774 221 841 intima
236 776 378 844 fatifero
395 778 485 864 rupit
501 775 705 863 praecordia
720 776 821 841 ferro.

114 883 194 968 quod
209 884 315 949 simul
333 884 511 960 eductum,
529 904 613 969 pars
626 894 677 948 est
692 880 864 967 pulmonis
879 881 916 947 in
932 883 1044 949 hamis

114 998 209 1065 eruta,
228 1010 385 1076 cumque
401 989 638 1053 anima-cruor
653 999 704 1053 eat
720 987 849 1053 effusus
864 987 900 1052 in
918 1007 1031 1053 auras.

150 1091 195 1159 At
209 1116 281 1161 non
298 1095 476 1161 intonsum
493 1094 642 1183 simplex
656 1092 954 1159 Damasichthona
969 1096 1094 1161 vulnus

114 1201 229 1266 adficit.
281 1202 380 1269 Ictus
396 1212 481 1277 erat,
499 1222 569 1288 qua
587 1220 664 1265 cras
681 1220 757 1266 esse
772 1199 903 1286 incipit,
920 1212 1038 1289 etqua
1109 1230 1162 1288 ²55

113 1307 219 1373 mollia
235 1316 414 1375 nervosus
425 1308 513 1373 facit
522 1306 714 1372 internodia
729 1306 865 1392 poples.

113 1413 253 1501 dumque
271 1437 385 1481 manu
398 1424 542 1502 temptat
555 1414 692 1478 trahere
709 1414 882 1479 exitiabile
897 1412 1016 1490 telum,
1057 1445 1061 1452 ⁴

112 1520 209 1587 altera
225 1544 292 1608 per
307 1520 615 1612 jugulumpennis
625 1531 724 1585 tenus
740 1531 817 1585 acta
832 1520 957 1608 sagitta
973 1530 1036 1585 est.

112 1629 234 1711 expulit
251 1630 350 1695 hanc
365 1627 521 1716 sanguia,
540 1646 645 1714 seque
661 1627 852 1715 ejaculatus
868 1627 904 1692 in
920 1626 1027 1692 altum

113 1734 241 1812 emicat,
260 1746 301 1803 ct
315 1735 420 1823 longe
435 1736 606 1800 terebrata
617 1732 754 1820 prosilit
770 1751 865 1798 aura.
961 1773 966 1781 -
1112 1746 1165 1804 260

150 1839 307 1907 Ultimus
324 1841 474 1908 Ilioneus
490 1862 560 1907 non
576 1838 772 1927 profectura
787 1834 962 1927 precando

111 1946 272 2013 bracchia
285 1949 485 2024 sustulerat,
504 1946 640 2035 Dique
662 1944 694 2012 O
708 1948 935 2011 communiter
950 1966 1076 2024 omnes,

112 2052 255 2129 dixerat,
274 2054 420 2143 ignarus
433 2076 505 2121 uon
521 2074 642 2119 omnes
659 2072 737 2119 esse
753 2053 941 2141 rogandos,

107 2163 268 2245 parcite!
288 2160 414 2250 Motus
428 2174 512 2239 erat,
532 2181 610 2228 cum
623 2160 695 2250 jam
712 2161 907 2227 revocabile
923 2160 1028 2226 telum

113 2268 270 2344 nonfuit,
288 2267 520 2344 Arcitenens3
542 2266 686 2334 minimo
700 2279 819 2333 tamen·
834 2268 959 2334 occidit
973 2268 1033 2333 ille
1111 2283 1164 2355 265
1268 2284 1272 2292 '

112 2375 264 2452 vulnere,
283 2397 353 2442 non
370 2376 438 2440 alte
454 2393 616 2461 percusso
633 2377 737 2441 corde
752 2374 890 2464 sagitta.

151 2481 265 2547 Fama
282 2481 364 2548 mali
381 2479 568 2569 populique
580 2483 682 2549 dolor
697 2483 930 2569 lacrimaeque
946 2501 1086 2550 suorum

111 2595 177 2652 tam
193 2589 327 2655 subitae
344 2600 489 2656 matrem
506 2601 634 2654 certam
651 2589 764 2654 fecere
780 2590 901 2654 ruinae

112 2694 290 2762 mirantem
307 2695 775 2782 potui‘sse,1irascentemque‚
794 2697 886 2782 quod
903 2695 984 2760 ausi¹

113 2800 176 2866 hoc
190 2814 306 2870 essent
322 2802 452 2888 superi,
469 2802 561 2888 quod
577 2813 709 2866 tanturn
722 2801 809 2890 juris
826 2803 1005 2867 haberent.
1112 2830 1165 2884 270

112 2928 189 2992 nam
205 2922 305 2996 pater
320 2908 513 2995 Amphion,
531 2901 620 2974 ferro
637 2929 703 3000 per
714 2919 834 2994 pectus
851 2909 986 2985 adacto,

111 3013 243 3080 finierat
259 3014 411 3080 moriens
426 3015 552 3100 pariter
568 3035 646 3080 cum
663 3014 741 3079 luce
758 3015 924 3081 dolorem.

155 3119 235 3186 Heu
252 3132 420 3209 quantum
437 3123 524 3187 haec
537 3121 652 3187 Niobe
668 3121 782 3187 Niobe
798 3121 946 3186 distabat
962 3121 1005 3186 ab
1022 3119 1123 3241 illa,

111 3248 197 3312 quae
213 3229 316 3294 modo
332 3227 453 3293 Latois
469 3229 633 3314 populum
650 3240 882 3294 summoverat
899 3228 979 3305 aria,

111 3344 143 3398 et
158 3335 308 3400 mediam
325 3335 449 3400 tulerat
464 3352 604 3421 gressus
619 3336 781 3421 resupina
798 3357 859 3420 per
874 3335 1008 3411 urbem,
1111 3363 1162 3420 275

110 3438 278 3508 invidiosa
295 3440 366 3507 suis
381 3439 388 3504 l
414 3452 448 3506 at
463 3461 554 3507 nunc
571 3443 766 3507 miseranda
783 3442 837 3505 vel
855 3441 956 3506 hosti.

74 3535 77 3541 ’
111 3547 309 3634 corporibus
325 3547 449 3635 gelidis
465 3549 642 3625 incumbit,
662 3560 696 3613 et
711 3547 831 3612 ordine
847 3547 942 3612 nullo
965 3582 968 3586 Δ

109 3654 230 3719 oscula
242 3654 421 3740 dispensat
436 3665 534 3719 natos
550 3673 711 3738 suprema
727 3673 789 3735 per
803 3636 936 3714 omnes.
1057 3653 1061 3661 ’

111 3761 272 3840 aquibus
290 3761 335 3826 ad
353 3761 486 3825 caelum
504 3758 643 3823 liventia
658 3755 822 3820 bracchia
838 3754 975 3823 tollens,
