2709 4325
138 298 183 370 34
424 282 497 349 The
519 282 653 350 Searclr
675 285 725 369 <ff
741 280 906 349 Cadmus.
1046 290 1195 363 [Mum.

139 477 183 542 ad
200 479 334 543 caelum
352 480 511 555 frontem,
529 478 716 566 mugitibus
732 476 867 564 impulit
884 496 997 542 auras.

139 594 241 669 atque
257 584 303 650 ita
320 585 508 672 respiciens
526 584 667 652 comites
684 605 748 650 sua
763 594 862 671 terga
878 590 1073 667 sequentes,

110 759 122 797 >
138 690 330 775 procubuit,
349 700 536 777 teneraque
552 692 641 756 latus
658 690 828 755 summisit
843 688 879 753 in
896 687 1015 752 herba.

184 794 338 863 Cadmus
355 796 427 884 agit
442 807 570 884 grates,
588 780 861 884 perdgrinaeque
878 794 999 860 oscula
1013 804 1125 859 terrae

138 901 226 990 figit,
244 912 277 967 et
291 901 428 989 ignotos
445 913 576 968 montes
594 922 764 989 agrosque
782 900 919 999 salutat,
1156 928 1192 985 25

139 1028 238 1074 sacra
249 1008 328 1097 Jovi
343 1009 495 1075 facturus
510 1019 603 1075 erat:
623 1008 721 1097 jubet
736 1006 785 1071 ire
801 1006 985 1084 ministros,

140 1099 303 1201 etpetere
320 1136 339 1181 e
355 1114 443 1181 vivis
458 1115 617 1180 libandas
633 1112 783 1179 fontibus
799 1114 923 1179 undas.
1004 1103 1006 1106 ’

140 1221 225 1286 silva
241 1230 338 1287 vetus
355 1222 467 1287 stabat
482 1222 579 1286 nulla
594 1220 723 1286 violata
739 1220 863 1296 securi,

139 1337 173 1390 et
188 1346 311 1411 specus
326 1326 363 1391 in
379 1326 505 1402 medio,
523 1325 631 1414 virgis
648 1344 690 1391 ac
705 1325 833 1391 vimine
848 1326 989 1403 densus,

101 1430 291 1497 ‚efficiens
307 1432 472 1498 humilem
489 1431 643 1525 lapidum
660 1432 887 1520 compagibus
904 1453 1036 1511 arcum,
1155 1461 1193 1516 30

139 1537 301 1603 uberibus
317 1538 485 1604 secundus
502 1538 612 1625 aquis,
630 1537 690 1603 ubi
707 1539 863 1605 conditus
881 1550 978 1605 antro
1084 1596 1089 1603 .

139 1642 286 1709 Martius
304 1642 428 1733 anguis
445 1654 529 1721 erat,
548 1643 658 1710 cristis
674 1645 867 1733 praesignis
883 1657 917 1711 et
933 1666 1038 1711 auro:
1061 1698 1065 1701 .

139 1750 221 1838 igne
238 1750 366 1817 micant
380 1751 483 1827 oculi,
502 1740 626 1836 eorpus
641 1762 749 1817 tumet
763 1744 1030 1829 omneven'eno,

139 1868 274 1943 tresque
290 1857 426 1923 vibrant
441 1857 596 1945 linguae,
613 1831 739 1943 trip‘lici
756 1868 846 1923 stant
861 1858 982 1924 ordine
998 1858 1131 1923 dentes.

187 1962 303 2048 Qreni
318 1962 499 2050 postquam
514 1962 625 2052 Ty'ria
642 1965 759 2030 lucum
775 1964 819 2029 de
836 1972 939 2053 gente
955 1962 1098 2049 profecti
1121 1958 1125 1963 ’
1155 1955 1191 2050 3'5

139 2044 288 2136 insilisto
303 2069 446 2158 tetigere
463 2071 588 2158 gradu,
607 2071 827 2158 demissaque
842 2071 878 2135 in
893 2072 1005 2137 undas

139 2197 227 2242 urna
243 2176 336 2242 dedit
350 2175 512 2255 sonitum,
530 2179 636 2266 longo
652 2189 757 2264 caput
772 2178 893 2244 extth
908 2188 1006 2244 antro

68 2295 71 2300 ’
141 2283 320 2362 caeruleus
336 2301 491 2369 serpens,
510 2285 750 2371 horrendaque
767 2284 865 2350 sibila
882 2283 983 2362 misit.
1058 2331 1062 2338 -
1084 2329 1089 2338 ·

139 2389 305 2456 effluxere
320 2405 436 2456 urnae'
445 2389 617 2468 manibus,
635 2391 847 2480 sanguisque
862 2388 1023 2478 relinquit

140 2497 330 2604 corpusgqt
346 2496 504 2578 attonitos
520 2497 651 2564 subitus
666 2507 794 2605 qempr
808 2507 955 2582 occupat
970 2507 1075 2564 artus.
1156 2527 1195 2580 40

140 2603 198 2669 ille
213 2579 422 2680 i‘oliiffilitius
439 2577 805 2690 squamosos·neiibbs
820 2604 922 2670 orbes
968 2639 981 2662 ·.

140 2721 286 2798 torquet,
305 2721 338 2776 et
352 2710 539 2776 immensos
555 2710 646 2775 saltn
660 2709 816 2774 sinuatur
830 2708 866 2774 in
882 2729 1003 2774 arcusr

141 2837 184 2905 ac
199 2818 313 2884 media
328 2819 407 2905 plus
423 2828 519 2904 parte
536 2807 631 2882 leves
647 2827 781 2882 erectus
797 2816 834 2880 in
849 2836 951 2881 auras

141 2925 289 3010 despicit·
300 2945 402 2991 omne
418 2925 555 3000 nemus,
571 2933 736 3011 tantoque
752 2933 804 2988 est
819 2942 976 3008 corpore,
991 2931 1136 3022 quanto7
1180 2941 1187 2955 ¹

141 3032 169 3098 si
185 3041 292 3096 totum
308 3033 455 3117 ¹spectes,
473 3031 632 3120 geminas
648 3030 707 3118 qui
724 3040 861 3115 separat
873 3027 1010 3094 Arctos.
1155 3058 1192 3116 45

140 3158 205 3202 nec
221 3140 331 3214 mora,
349 3136 555 3214 Phoenicas,
573 3137 646 3203 sive
662 3135 712 3201 illi
729 3135 798 3201 tela
813 3135 993 3220 parabant,
1019 3164 1023 3169 ·

141 3243 213 3308 sive
228 3242 362 3331 sugam,
381 3242 453 3308 sive
467 3243 542 3328 ipse
558 3243 658 3310 timor
674 3241 879 3330 prohibebat
893 3242 1087 3328 utrumque,

140 3360 306 3434 occupat:
331 3350 395 3414 hos
411 3370 540 3426 morsu,
557 3351 672 3440 longis
689 3326 907 3435 ampldxuus
922 3347 1012 3423 illos,

125 3454 203 3576 >hos
220 3466 320 3520 necat
336 3424 440 3520 affilti
457 3456 591 3522 funesta
606 3456 687 3530 tabe
701 3456 837 3522 veneni.

185 3559 330 3626 Fecerat
345 3561 490 3649 exiguas
503 3562 576 3650 jam
592 3563 643 3628 sol
660 3562 844 3628 altissimus
859 3559 1020 3625 umbras:

140 3685 229 3752 quae
246 3667 400 3756 morasit
415 3668 529 3744 sociis,
546 3670 690 3734 miratur
703 3667 869 3755 Agenore
884 3679 998 3743 natus,

17 3738 353 3880 {gffyestig'btque
368 3773 481 3839 viros:
505 3755 817 3862 tegu'meb'direpta
833 3773 943 3839 leonis

25 3863 30 3876 ’
141 3878 241 3962 pellis
257 3890 341 3954 erat,
360 3880 464 3944 telum
483 3880 675 3965 splendenti
692 3881 814 3944 lancea
830 3880 920 3945 ferro

142 3996 175 4053 et
186 3984 353 4073 jaculum,
371 3985 507 4073 teloque
524 3987 659 4051 animus
675 3959 902 4072 praestbntior
918 3985 1022 4052 omni.
