2709 4325
140 239 309 310 1v.10,1a.]
407 220 478 286 The
499 221 613 287 Poet's
634 218 939 310 Autobzbgrapby.
1123 235 1189 309 179

136 415 234 482 Tunc
250 438 403 505 quoque,
421 438 499 483 curn
516 439 587 502 pax
603 425 666 493 est,
684 416 856 502 trepidant
871 416 1053 483 formidine
1066 417 1163 493 belli,

177 522 255 587 Nec
271 523 453 610 quisquam
470 545 588 608 presso
604 543 743 587 vomere
759 524 871 588 sulcat
886 523 1042 588 humum.

134 627 204 694 Aut
213 629 319 703 videt,
333 614 391 693 aut
402 629 518 693 metuit
527 630 624 694 locus
635 628 705 704 hic,
717 649 819 715 quem
830 651 900 693 non
911 629 1016 706 videt,
1031 631 1185 705 hostem3

177 733 302 801 Cessat
317 735 410 800 iners
426 735 538 821 rigido
554 746 645 799 terra
661 734 780 799 relicta
796 734 875 799 situ.
1152 765 1187 818 70

21 865 22 868 ¹
134 840 214 906 Non
230 840 288 906 hic
304 841 490 933 pampinea
507 840 617 905 dulcis
633 841 716 904 latet
730 861 798 905 uva
815 841 878 906 sub
894 842 1030 917 umbra,

175 946 254 1011 Nec
270 947 448 1011 cumulant
464 947 550 1010 altos
566 945 697 1011 fervida
715 956 825 1011 musta
842 947 951 1012 lacus.

134 1051 240 1118 Poma
256 1062 364 1139 negat
380 1053 498 1140 regi03
524 1073 589 1117 nec
605 1053 746 1117 baberet
762 1051 942 1128 Acontius,
959 1051 996 1117 in
1012 1073 1080 1140 quo

176 1141 351 1224 Scriberet
367 1159 424 1223 hic
441 1157 600 1224 dominae
616 1158 722 1223 verba
739 1158 888 1245 legenda
905 1180 1002 1224 suae.
1017 1200 1020 1204 -

133 1260 317 1347 Aspiceres
335 1262 445 1326 nudos
462 1261 536 1326 sine
553 1262 687 1337 fronde,
706 1261 778 1326 sine
795 1262 931 1340 arbore,
948 1283 1112 1348 campos:
1150 1292 1183 1349 75

21 1371 22 1378 ’
178 1368 259 1432 Heu
274 1369 351 1432 loca
368 1367 457 1432 retici
474 1389 543 1432 non
561 1368 720 1433 adeunda
735 1367 830 1433 viroi

21 1473 22 1478 ’
135 1455 226 1562 Ergo
242 1485 312 1538 tam
329 1474 397 1538 late
413 1484 527 1558 pateat
542 1494 621 1538 cum
640 1473 813 1539 maximus
829 1473 935 1550 orbis,

176 1579 278 1646 Haec
295 1583 396 1645 estin
412 1600 561 1666 poenam
577 1591 667 1645 terra
684 1592 818 1665 reperta
834 1579 975 1647 meam?-

265 1924 298 1992 4.
330 1901 402 1969 The
423 1903 536 1969 Poet's
558 1900 850 1990 Autobiograplry
876 1902 941 1993 (iv.
968 1903 1046 1994 10).

131 2116 266 2263 ILLE
283 2138 349 2206 ego
365 2116 423 2206 qui
440 2115 576 2196 fuerim,
593 2127 786 2184 tenerorum
804 2118 898 2185 lusor
913 2106 1082 2197 amorum,

212 2224 329 2310 Quem
346 2225 447 2313 legis,
465 2236 503 2290 ut
519 2224 623 2301 noris,
642 2224 761 2312 accipe
778 2227 969 2312 posteritas.

21 2348 22 2381 r
131 2333 253 2400 Sulmo
270 2332 352 2399 mihi
369 2334 479 2419 patria
495 2342 557 2409 est,
577 2333 701 2422 gelidis
718 2335 908 2400 uberrimus
924 2334 1039 2412 undis,

175 2442 276 2507 Milia
293 2440 351 2529 qui
368 2439 487 2507 novies
503 2440 605 2506 distat
621 2442 664 2507 ab
680 2441 776 2507 Urbe
792 2442 923 2507 decem.
1201 2509 1203 2513 ,
1246 2522 1250 2528 ⁵

92 2556 94 2561 '
132 2548 252 2615 Editus
269 2550 350 2615 hinc
366 2570 433 2638 ego
450 2570 538 2626 sum,
557 2556 707 2615 necnon
721 2560 759 2615 ut
773 2557 928 2636 tempora
943 2548 1048 2647 noris,
1152 2575 1159 2591 ··
1168 2577 1184 2635 ς

175 2656 267 2724 Cum
284 2658 407 2724 cecidit
421 2658 490 2723 sato
508 2658 628 2723 consul
644 2668 786 2745 uterque
802 2658 897 2743 pari:

133 2762 171 2830 Si
185 2764 268 2852 quid
284 2765 320 2831 id
336 2775 399 2841 est,
418 2784 527 2851 usque
544 2786 564 2830 a
582 2764 718 2851 proavis
734 2775 831 2829 vetus
848 2750 981 2829 ordinis
994 2763 1108 2839 heres,

176 2869 257 2937 Non
276 2872 377 2947 modo
394 2872 549 2938 fortunae
568 2894 709 2938 munere
725 2873 835 2937 sactus
851 2892 968 2958 eques.

133 2975 209 3044 Nec
225 2979 326 3064 stirps
343 2979 540 3065 primatui:
567 2980 682 3068 genito
699 3001 776 3045 sum
792 2979 895 3043 fratre
911 2987 1060 3054 creatus,
1177 3012 1180 3017 ·

178 3083 249 3168 Qui
266 3085 373 3150 tribus
390 3096 467 3150 ante
484 3099 604 3172 quater
620 3088 795 3152 mensibus
810 3097 903 3152 ortus
919 3095 1004 3150 erat.
1129 3114 1133 3119 ⁴
1151 3116 1184 3155 ιο

134 3189 273 3256 Lucifer
290 3192 467 3257 amborum
485 3190 654 3259 natalibus
670 3193 782 3258 adfuit.
792 3193 906 3259 idem:
1011 3243 1014 3246 .

176 3297 258 3363 Una
275 3298 446 3362 celebrata
464 3308 515 3363 est
531 3320 592 3384 per
608 3300 675 3365 duo
693 3300 762 3365 liba
779 3301 864 3366 dies.
915 3309 918 3313 ’

136 3402 233 3468 Haec
249 3414 301 3469 est
318 3404 501 3469 armiferae
514 3404 608 3471 sestis
625 3406 667 3471 de
684 3407 834 3493 quinque
851 3405 1046 3485 Minervae,

179 3507 280 3594 Quae
297 3509 370 3574 fieri
387 3531 506 3597 pugna
523 3510 633 3596 prima
650 3525 791 3577 cruenta
807 3515 905 3579 solet.

135 3612 291 3681 Protinus
309 3616 499 3680 excolimur
515 3618 635 3693 teneri,
655 3639 804 3705 curaque
821 3621 972 3704 parentis
1152 3648 1182 3705 15

177 3722 271 3787 Imus
289 3722 334 3786 ad
349 3721 503 3809 insignes
520 3722 625 3789 Urbis
642 3726 686 3789 ab
703 3738 773 3789 arte
787 3727 891 3792 viros.
1127 3708 1130 3713 ’

21 3818 22 3903 3
135 3826 252 3893 Frater
269 3827 314 3893 ad
331 3827 504 3913 eloquium
521 3828 620 3893 viridi
637 3831 799 3895 tendebat
814 3832 858 3895 ab
876 3852 974 3909 aevo,
1002 3836 1005 3843 '

178 3932 294 3999 Fortia
309 3932 445 3998 verbosi
461 3944 560 3999 natus
577 3935 621 3999 ad
639 3956 735 3999 arma
750 3934 835 4010 sori3
