2709 4325
120 259 240 332 x1.58.]
406 240 477 310 The
508 241 685 310 Thracian
708 241 900 309 Maenadas.
1107 254 1170 327 105

122 437 223 504 noctis
240 459 343 503 avem
361 449 507 506 cernunt
517 461 527 514 3
552 447 747 525 Structoque
762 437 932 524 utrimque
947 437 1080 504 theatro
1137 465 1172 522 ²5

12 553 13 558 ’
122 566 181 610 ceu
196 545 365 610 matutina
383 565 506 610 cervus
522 544 693 629 periturus
710 564 814 610 arena

12 651 13 694 l
121 651 246 736 praeda
262 671 391 716 canum
409 658 473 725 est,
490 661 672 736 vatemque
690 660 820 735 petunt,
838 659 872 716 et
887 649 1008 716 fronde
1023 647 1172 716 virentes

12 769 13 810 l
122 755 291 822 coniciunt
305 757 458 842 thyrsos,
477 778 547 822 non
564 757 651 822 haec
667 755 704 822 in
719 776 865 822 munera
880 755 1001 822 sactos.

122 864 184 928 hae
200 862 338 950 glebas,
357 861 438 928 illae
455 861 605 947 direptos
622 862 744 928 arbore
761 882 890 938 ramos,

121 990 197 1054 pars
207 978 375 1055 ,torquent
389 967 512 1034 silices.
564 967 644 1032 Neu
661 966 773 1033 desint
787 967 856 1032 tela
872 967 990 1044 furori,
1138 1000 1174 1055 30

121 1075 202 1141 sorte
218 1075 326 1140 boves
343 1095 462 1160 presso
478 1073 685 1160 subigebant
699 1095 839 1140 vomere
855 1084 1001 1148 terram;

122 1201 183 1246 nec
198 1181 319 1266 procul
338 1179 433 1256 hinc,
451 1181 556 1246 multo
575 1179 721 1246 fructum
738 1179 864 1245 sudore
879 1189 1054 1265 parantes,

123 1287 204 1352 dura
219 1285 382 1352 lacertosi
398 1284 573 1352 fodiebant
589 1305 671 1350 arva
688 1282 811 1352 coloni.

124 1391 260 1480 agmine
276 1391 335 1478 qui
352 1391 426 1460 viso
443 1391 591 1479 fugiunt,
610 1390 791 1478 operisque
807 1391 1004 1479 relinquunt

123 1519 214 1563 arma
231 1498 308 1572 sui3
333 1497 529 1584 vacuosque
544 1495 661 1585 jacent
676 1497 830 1583 dispersa
846 1518 909 1584 per
924 1519 1029 1586 agros
1138 1528 1172 1584 35

123 1604 325 1690 sarculaque
342 1603 509 1691 rastrique
526 1624 652 1692 graves
669 1603 833 1691 longique
850 1603 997 1691 ligones.

122 1732 206 1798 quae
223 1722 406 1798 postquam
424 1730 569 1796 rapuere
586 1709 693 1786 serae,
712 1730 889 1798 cornuque
907 1710 1060 1776 minaces

122 1817 283 1884 divellere
300 1817 419 1893 boves,
439 1817 483 1882 ad
499 1815 587 1882 vatis
604 1815 672 1882 sata
689 1825 879 1892 recurrunt,

121 1925 384 2009 tendentemque
401 1943 524 1988 manus
540 1932 643 2010 atque
659 1921 719 1988 illo
734 1932 888 2008 tempore
904 1921 1053 2008 primum
1109 1919 1115 1932 ’

121 2030 210 2095 irrita
227 2029 414 2105 dicentem,
431 2029 696 2116 necquicquam
713 2050 798 2096 voce
814 2039 1022 2106 moventem,
1136 2061 1174 2114 40

121 2136 311 2225 sacrilegae
328 2133 500 2222 perimunt
510 2157 520 2211 ;
546 2155 678 2224 perque
691 2157 744 2213 os,
761 2157 824 2223 pro
835 2135 1014 2225 Juppiterl
1038 2137 1136 2217 illud,

122 2244 273 2309 auditum
290 2243 384 2313 saxis
400 2242 677 2332 intellectumque
695 2244 846 2311 serarum

122 2349 291 2425 sensibus,
308 2348 344 2415 in
359 2359 480 2417 ventos
497 2349 612 2415 anima
629 2351 791 2417 exhalata
807 2353 959 2420 recessit.

162 2456 217 2522 Te
233 2466 387 2524 maestae
402 2456 573 2533 volucres,
593 2456 751 2544 Orpheu,
768 2469 803 2525 te
819 2461 918 2527 turba
934 2461 1098 2538 serarum,

120 2572 151 2631 te
167 2563 272 2655 rigidi
287 2563 415 2641 silices,
432 2574 466 2631 te
483 2564 637 2633 carmina
653 2586 758 2652 saepe
774 2578 913 2635 secutae
1136 2598 1172 2657 45

120 2671 288 2739 fleverunt
304 2672 432 2749 silvae;
457 2674 575 2761 positis
590 2685 625 2741 te
640 2674 818 2745 frondibus
834 2677 935 2745 arbos

120 2774 216 2847 tonsa
233 2802 369 2847 comam
385 2781 493 2858 luxit3
517 2782 668 2850 lacrimis
684 2805 820 2871 quoque
836 2784 979 2851 flumina
994 2782 1113 2852 dicunt

120 2884 308 2955 increvisse
323 2888 408 2965 suis,
425 2889 651 2978 obstrusaque
669 2891 813 2959 carbasa
831 2893 926 2977 pullo

120 2995 242 3060 naides
257 3003 293 3064 et
307 2995 457 3081 dryades
474 3016 662 3085 passosque
679 2998 833 3064 habuere
849 2999 1005 3085 capillos.

12 3162 13 3167 ,
122 3100 276 3166 membra
288 3098 406 3188 jacent
420 3101 555 3169 diversa
572 3103 678 3169 locis:
706 3116 823 3192 caput,
842 3105 974 3183 Hebre,
991 3106 1172 3195 lyramque

122 3206 273 3292 excipis3
298 3217 344 3281 et,
362 3206 507 3273 miruml
533 3208 646 3275 medio
663 3211 745 3275 dum
763 3211 886 3278 labitur
902 3234 1018 3291 amne,

120 3310 232 3378 flebile
248 3312 366 3378 nescio
381 3313 465 3399 quid
480 3313 631 3400 queritur
646 3316 735 3403 lyra,
753 3316 867 3383 flebile
883 3318 1004 3406 lingua

12 3438 14 3455 ’
121 3428 312 3482 murmurat
327 3418 510 3495 exanimis,
528 3422 738 3506 respondent
752 3421 866 3490 flebile
883 3424 992 3510 ripae.

118 3520 258 3610 jamque
275 3544 371 3589 mare
386 3524 541 3589 invectae
556 3525 871 3614 flumenpopulare¹
885 3530 1093 3619 relinquunt,

121 3638 154 3693 et
168 3628 442 3717 Methymnaeae
459 3630 631 3715 potiuntur
647 3632 743 3698 litore
760 3633 879 3736 Lesbi.
1139 3667 1171 3723 55

12 3772 13 3781 .
121 3734 177 3800 hic
191 3735 286 3799 serus
303 3735 496 3820 expositum
513 3737 705 3824 peregrinis
722 3741 847 3825 anguis
864 3741 977 3807 arenis

120 3861 158 3904 os
173 3840 259 3925 petit
273 3850 308 3903 et
323 3860 461 3923 sparsos
478 3840 616 3905 stillanti
632 3860 710 3904 rore
725 3843 881 3925 capillos.

120 3944 260 4010 tandem
276 3942 440 4011 Phoebus
456 3945 564 4021 adest,
583 3964 784 4030 morsusque
799 3944 925 4009 inferre
940 3953 1118 4027 parantem
