2709 4325
97 267 232 340 1.r,58.]
421 249 595 335 Penelope
618 255 652 314 to
683 245 832 334 Ulysses.

94 445 249 536 Argolici
266 447 402 514 rediere
419 447 546 513 duces:
571 442 693 510 altaria
709 443 862 516 fumant3

137 554 281 620 Ponitur
299 555 344 619 ad
360 554 487 640 patrios
504 553 651 618 barbara
668 552 798 636 praeda
816 551 919 624 deos3

11 735 12 738 Ἴ
94 661 200 727 Grata
217 661 333 726 lerunt
349 661 525 748 nymphae
542 681 604 745 pro
621 658 725 724 salvis
742 658 834 722 dona
849 654 980 720 maritis
989 678 1000 728 ;

138 767 191 832 Illi
208 759 300 833 victa
317 768 389 833 suis
404 768 533 832 Troica
548 767 618 830 sata
635 774 775 829 canunt.

95 873 265 938 Mirantur
278 873 428 961 justique
445 894 546 938 senes
561 870 783 956 trepidaeque
800 869 958 955 puellae:

11 1003 12 1094 p
136 978 324 1045 Narrantis.
338 979 490 1068 conjunx
507 979 633 1063 pendet
649 976 694 1041 ab
710 997 769 1041 ore
784 974 861 1040 viri.

11 1105 12 1173 t
95 1086 207 1172 Atque
223 1087 351 1173 aliquis
368 1087 478 1172 posita
494 1094 660 1150 monstrat
676 1083 749 1146 fera
765 1080 897 1164 proelia
913 1101 1046 1156 mensa,
1118 1149 1121 1153 ἵ

138 1191 259 1281 Pingit
275 1204 309 1258 et
325 1194 454 1279 exiguo
471 1192 645 1279 Pergama
660 1199 730 1254 tota
747 1208 863 1253 mero:

11 1291 12 1370 s
99 1298 198 1365 ‘Hac
213 1301 286 1365 ibat
302 1299 445 1384 Simois,
464 1300 531 1364 hac
547 1308 598 1363 est
615 1295 737 1383 Sigeia
752 1295 867 1371 tellus,

11 1397 12 1408 ³
141 1405 210 1471 Hic
226 1417 364 1471 steterat
380 1404 510 1470 Priami
526 1403 625 1491 regia
641 1402 734 1467 celsa
751 1400 863 1476 senis3

11 1549 12 1606 q
99 1509 171 1576 Illic
185 1511 374 1588 Aeacides,
393 1511 464 1576 illic
481 1511 643 1576 tendebat
659 1508 804 1582 Ulixes3

142 1617 210 1683 Hic
227 1620 347 1684 alacer.
359 1618 481 1686 missos
498 1616 617 1683 terruit
634 1615 765 1680 Hector
781 1614 913 1701 equos.’
983 1633 987 1640 ·

100 1723 221 1789 Omnia
238 1746 388 1812 namque
404 1734 461 1816 tuo
479 1723 605 1798 senior,
623 1732 656 1788 te
672 1741 839 1808 quaerere
855 1720 973 1798 misso,

140 1830 319 1896 Retulerat
335 1842 441 1918 gnato
457 1830 597 1905 Nestor,
618 1828 725 1894 atille
742 1820 839 1892 mihi.

11 1893 13 1968 l
99 1935 226 2020 Retulit
242 1947 275 2002 et
290 1937 380 2003 ferro
396 1929 625 2024 Rhesumque
642 1935 848 2020 Dolonaque
864 1954 997 2011 caesos,

139 2042 253 2130 thue
270 2043 312 2110 sit
329 2044 385 2111 hic
401 2065 521 2133 somno
538 2043 705 2130 proditus,
724 2041 781 2105 ille
798 2041 890 2106 dolo.

11 2192 13 2207 »
99 2148 213 2217 Ausus
228 2172 279 2228 es,
297 2148 329 2217 Ο
344 2150 488 2218 nimium
506 2150 718 2237 nimiumque
734 2149 838 2214 oblite
854 2158 1003 2227 tuorum,

138 2257 291 2323 Thracia
305 2256 473 2340 ¹nocturno
490 2269 634 2345 tangere
652 2267 764 2325 castra
781 2256 874 2332 dolo,

98 2362 230 2451 thque
247 2364 348 2453 simul
366 2376 515 2431 mactare
532 2368 635 2441 viros,
655 2364 791 2452 adjutus
809 2364 853 2428 ab
869 2361 960 2437 unol

140 2469 187 2535 At
202 2472 290 2537 bene
308 2484 428 2538 cautus
444 2494 521 2539 eras
538 2482 571 2537 et
588 2492 720 2537 memor
737 2481 816 2534 ante
833 2466 924 2537 mei?

11 2624 12 2629 η
99 2576 216 2664 Usque
233 2590 324 2645 metu
341 2580 491 2645 micuere
507 2581 614 2656 sium,
634 2580 717 2647 dum
733 2580 841 2645 victor
857 2578 1008 2645 amicum

11 2630 14 2791 l
141 2684 262 2751 Dictus
279 2707 316 2751 es
332 2670 487 2753 lsmariis
500 2687 568 2753 isse
585 2708 646 2772 per
663 2708 791 2775 agmen
808 2686 917 2773 equis.

101 2788 167 2856 Sed
185 2791 268 2856 mihi
283 2792 364 2878 quid
381 2793 519 2880 prodest
533 2794 655 2859 vestris
673 2793 816 2881 disjecta
832 2792 981 2859 lacertis·

141 2896 222 2963 Ilios
238 2910 271 2963 et
287 2921 403 2974 murus
413 2901 511 2987 >quod
527 2901 602 2977 suit,
621 2923 698 2967 esse
714 2902 840 2979 solum,

102 3000 137 3067 Si
154 3025 276 3071 maneo
293 3006 403 3091 qualis
418 3005 524 3095 Troja
542 3008 686 3075 durante
704 3011 900 3086 manebam,

140 3108 270 3197 Virque
287 3112 370 3176 mihi
386 3113 525 3199 dempto
542 3117 610 3181 fine¹
627 3118 798 3183 carendus
815 3113 934 3183 abest?

11 3234 13 3321 q
101 3212 218 3280 Diruta
233 3228 312 3282 sunt
328 3218 415 3295 aliis,
434 3220 494 3284 uni
512 3223 596 3287 mihi
614 3223 788 3311 Pergama
803 3232 944 3301 restant,

141 3321 258 3387 Incola
276 3325 409 3410 captivo
426 3350 515 3415 quae
532 3332 620 3397 bove
637 3331 745 3395 victor
762 3341 847 3395 arat.

95 3426 169 3512 Jam
186 3451 288 3521 seges
304 3443 367 3509 est,
385 3435 445 3501 ubi
461 3436 567 3525 Troja
586 3436 661 3511 suit,
680 3437 937 3522 resecandaque
953 3435 1042 3501 falce

139 3534 309 3603 Luxuriat
325 3540 480 3631 Phrygio
498 3544 666 3630 sanguine
685 3543 823 3629 pinguis
842 3542 987 3616 humus3

99 3638 326 3730 Semisepulta
343 3649 454 3714 virum
471 3650 584 3713 curvis
602 3642 768 3713 feriuntur
785 3647 906 3712 aratris
1113 3678 1149 3734 55.

139 3748 250 3827 Ossa3
275 3755 433 3821 ruinosas
450 3755 576 3819 occulit
591 3755 698 3819 herba
714 3754 846 3819 domos.

11 3850 13 3927 l
97 3850 212 3923 Victor
229 3862 312 3927 abes
325 3858 346 3923 ε’
359 3882 424 3926 nec
440 3860 528 3925 scire
545 3859 643 3935 mihi,
662 3881 751 3945 quae
768 3879 873 3926 causa
890 3858 1060 3935 morandi,
1178 3929 1180 3932 ,

137 3967 209 4035 Aut
224 3968 261 4034 in
278 3990 346 4055 quo
362 3969 471 4033 lateas
487 3967 618 4032 ferreus
636 3967 731 4042 orbe,
749 3966 840 4036 licet.
