2709 4325
140 168 163 235 6
325 190 352 237 1.
392 170 463 237 The
492 170 656 237 Creatz'on
681 169 756 233 and
775 168 832 233 tae
854 167 980 234 Flood.
1051 186 1196 257 [Marma

141 390 207 456 nec
224 368 431 434 circumfuso
447 368 621 455 pendebat
637 366 672 431 in
691 371 771 431 aere
786 364 907 432 Tellus

142 476 351 562 ponderibus
368 476 490 541 librata
509 475 592 551 suis,
610 495 675 538 nec
690 473 834 538 brachia
851 474 1015 561 longo—f
1029 498 1055 507 ··

2 626 19 645 a
43 574 100 695 oq).
142 581 300 670 margine
316 595 482 648 terrarum
501 592 701 667 porrexerat
717 558 928 665 {mphitrite
936 602 946 655 ;
1000 593 1080 633 uu*
1107 558 1125 623 Λ
1151 564 1263 659 (zava,

141 710 278 776 quaque
295 688 356 755 fuit
372 689 486 765 tellus,
505 688 624 755 illicet
643 698 769 774 pontus
786 697 819 752 et
835 692 906 752 aer.
1165 719 1197 775 15

187 795 247 862 Sic
264 806 336 861 erat
352 795 518 861 instabilis
535 796 647 871 tellus,
664 793 825 859 innabilis
841 794 947 872 unda,

141 903 228 969 lucis
246 922 353 989 egeus
370 908 450 971 aera
475 901 559 971 nulli
578 902 767 972 suasoriae
784 901 957 978 manebat,

142 1009 365 1095 obstabatque
384 1010 459 1075 aliis
477 1009 583 1084 aliud,
601 1007 682 1095 quia
700 1030 842 1093 corpore
859 1007 894 1072 in
911 1029 981 1075 uno

138 1101 268 1203 'frigida
285 1116 487 1204 pugnabant
503 1114 638 1190 calidis,
657 1114 834 1186 humentia
851 1113 964 1190 siccis,

141 1223 259 1287 mollia
276 1243 355 1288 cum
372 1222 478 1299 duris,
498 1222 570 1288 sine
588 1222 740 1307 pondere
759 1220 920 1285 habentia
936 1221 1083 1306 pondus.
1162 1252 1198 1293 20

187 1328 291 1395 Hanc
307 1330 391 1395 deus
408 1339 441 1394 et
457 1328 577 1395 melior
593 1327 687 1392 litem
704 1338 827 1391 natura
843 1326 991 1392 diremit.

141 1457 223 1504 nam
240 1436 336 1501 caelo
352 1446 460 1504 terras
477 1447 510 1500 et
525 1434 622 1499 terris
639 1433 784 1499 abscidit
800 1433 924 1508 undas,

142 1554 175 1609 et
190 1542 356 1631 liquidum
374 1541 484 1628 spisso
501 1540 646 1609 secrevit
662 1541 706 1605 ab
724 1545 802 1604 aere
820 1540 967 1609 caelum.

141 1670 230 1736 quae
247 1660 427 1735 postquam
446 1647 571 1715 evolvo
587 1668 760 1733 caecoque
777 1645 905 1715 exemit
920 1666 1058 1728 acervo,

141 1755 323 1821 dissociata
340 1755 424 1821 locis
441 1754 603 1820 concordi
620 1774 707 1839 pace
723 1752 854 1839 ligavit.
1161 1783 1196 1841 25

186 1862 296 1954 Ignea
312 1860 457 1927 convexi
474 1860 525 1926 vis
543 1871 575 1926 et
591 1859 665 1925 sine
683 1858 835 1944 pondere
851 1857 939 1924 caeli

141 1968 292 2044 emicuit,
311 1989 512 2055 summaque
528 1968 642 2035 locum
660 1966 724 2033 sibi
741 1964 821 2032 fecit
837 1966 872 2031 in
890 1987 981 2036 arce.

140 2075 318 2164 proximus
334 2086 384 2141 est
401 2080 459 2141 aer
475 2074 524 2145 illi
542 2074 680 2143 levitate
696 2075 862 2166 locoque3
908 2123 910 2128 -

140 2181 278 2250 densior
295 2183 347 2249 his
363 2184 476 2257 tellus,
496 2184 734 2271 elementaque
751 2182 898 2270 grandia
914 2181 1017 2252 traxit

140 2301 174 2355 et
189 2311 307 2376 pressa
324 2302 373 2357 est
390 2290 558 2379 gravitate
575 2311 659 2365 sua;
686 2287 906 2355 circumfluus
922 2289 1046 2354 humor
1160 2323 1207 2377 30*

139 2398 258 2463 ultima
276 2399 437 2484 possedit,
456 2397 671 2483 solidumque
689 2395 838 2461 coercuit
854 2396 984 2461 orbem.

185 2503 319 2572 Sicubi
336 2504 550 2591 dispositam,
567 2502 722 2595 quisquis
739 2501 802 2572 fuit
817 2501 874 2574 ille
891 2503 1047 2578 deorum,

139 2612 337 2698 congeriem
355 2611 475 2687 secuit,
494 2622 692 2696 sectamque
708 2609 744 2696 in
761 2609 915 2680 membra
928 2608 1077 2702 redegit,
1177 2670 1181 2679 .

138 2718 307 2804 principio
323 2730 462 2796 terram,
476 2738 520 2782 ne
532 2737 600 2781 non
612 2715 767 2804 aequalis
783 2715 826 2781 ab
843 2715 936 2780 omni

90 2882 94 2896 ,
137 2837 233 2910 parte
250 2824 349 2901 foret,
367 2828 486 2913 magni
502 2824 655 2912 speciem
671 2821 877 2912 glomeravit
892 2823 928 2889 in
943 2821 1048 2894 orbis,
1157 2852 1192 2913 ³5

137 2943 208 3002 tum
226 2931 312 2998 freta
328 2932 476 3008 diffudit,
494 2931 691 3017 rapidisque
708 2941 899 3000 tumescere
915 2928 1026 3000 ventis

133 3037 245 3126 jussit,
265 3049 298 3103 et
314 3038 463 3103 ambitae
479 3037 694 3104 circumdare
710 3035 810 3105 litora
824 3046 946 3104 terrae.

138 3144 269 3209 addidit
284 3154 317 3209 et
333 3144 443 3210 fontes
459 3155 492 3209 et
508 3155 633 3232 stagna
648 3142 817 3212 immensa
834 3143 1012 3230 lacusque,

136 3235 346 3338 fluminaque
363 3249 509 3336 obliquis
526 3249 632 3316 cinxit
647 3248 794 3320 declivia
810 3248 906 3336 cipio,

137 3376 239 3441 quae,
258 3357 392 3422 diversa
409 3356 506 3438 locis,
524 3353 646 3440 partim
664 3357 844 3426 sorbentur
859 3356 903 3423 ab
920 3354 1008 3442 ipsa,
1153 3386 1192 3440 40

136 3461 172 3526 in
190 3485 283 3528 mare
300 3463 502 3550 perveniunt
518 3461 655 3548 partim,
674 3484 866 3550 campoque
882 3473 1020 3547 recepta

136 3569 303 3636 liberioris
320 3592 430 3658 aquae
447 3592 508 3656 pro
525 3570 607 3656 ripis
623 3571 723 3638 litora
740 3571 890 3654 pulsant.

133 3676 234 3765 jussit
249 3690 282 3743 et
297 3677 435 3743 extendi
452 3699 607 3762 campos,
626 3677 803 3747 subsidere
820 3676 944 3753 valles,

136 3783 257 3888 fronde
272 3783 342 3873 tegi
361 3784 477 3858 silvas,
495 3784 670 3899 lapidosos
687 3804 829 3870 surgere
847 3793 993 3851 montes.

181 3889 295 3979 thue
312 3869 401 3958 duae‘
418 3891 538 3958 dextra
555 3867 691 3960 casluin
707 3863 915 3977 totidemque
931 3859 1068 3959 sinistra
1151 3928 1189 3981 45

24 4108 114 4198 a
