2709 4325
172 198 236 286 158
459 195 495 264 T
488 197 531 262 he
553 197 748 284 Foundz'ng
768 198 816 284 of
828 171 951 262 Rom'e.
1096 214 1222 286 [rm-1.

168 397 240 463 Vix
256 393 414 482 equidem
431 393 555 458 credo:
580 402 659 458 sunt
669 393 733 479 ¹qui
749 392 967 458 Phaethonta
983 391 1103 458 referri

215 502 379 576 Credant,
399 509 432 564 et
448 499 572 564 nimias
589 499 812 564 Deucalionis
830 519 963 584 aquas..

168 606 255 674 Pars
270 627 417 695 quoque,
436 626 516 670 cum
533 605 626 670 saxis
644 617 796 690 pastores
813 625 898 670 saxa
915 605 1073 681 feriba'nl,
1173 634 1224 692 795

212 713 406 779 Scintillam
424 712 535 777 subito
552 711 749 796 prosiluisse
765 709 897 775 serunt:
941 734 951 766 ·.

168 818 284 885 Prima
301 818 439 904 quidem
456 817 567 902 periit,
586 816 716 901 stipulis
733 828 877 900 excepta
894 816 1050 881 secunda·
1061 826 1127 882 est.
1225 873 1230 878 ,

213 924 292 990 Hoc
308 934 549 1010 argumentum
561 922 706 988 flamma
723 921 846 986 Parilis
864 921 988 987 habet?

167 1029 225 1094 An
243 1030 354 1116 magis
369 1031 463 1094 ¹hunc
480 1049 610 1093 morem
627 1029 737 1112 pietas
752 1026 887 1092 Aeneia
903 1028 995 1103 iecit,

213 1135 404 1200 Innocuum
419 1134 509 1198 victo
521 1133 581 1198 cui
598 1133 691 1199 dedit
705 1133 797 1220 ignis
814 1133 898 1198 iter?
1166 1152 1229 1206 am

167 1241 262 1306 Num
279 1252 394 1305 tamen
411 1250 462 1304 est
476 1259 558 1304 vero
575 1239 730 1324 propius,
747 1259 825 1303 cum
841 1239 979 1304 condita
995 1239 1111 1306 Roma
1128 1249 1205 1318 est,

212 1345 408 1410 Transferri
422 1345 534 1432 jussos
550 1343 585 1408 in
601 1364 690 1408 nova
707 1354 796 1408 tecta
812 1343 936 1420 Lares,
1213 1327 1219 1336 “

168 1450 410 1536 Mutantesque
427 1451 567 1514 domum
583 1449 678 1514 tectis
695 1449 887 1537 agrestibus
902 1450 1034 1538 ignem,

213 1556 258 1622 Et
274 1568 468 1622 cessaturae
486 1555 707 1641 supposuisse
723 1576 838 1632 casae,
980 1559 985 1569 '

167 1661 235 1728 Per
250 1662 408 1728 fiam-mas
424 1662 567 1727 saluisse
583 1682 704 1747 pecus,
720 1663 866 1728 saluisse
882 1664 1044 1732 colonos?
1172 1686 1228 1756 805

185 1819 186 1824 η
214 1767 319 1853 Quod
334 1769 372 1833 fit
387 1769 491 1833 natali
509 1787 600 1833 nunc
617 1790 766 1855 quoque,
781 1769 913 1846 Roma,
931 1781 1002 1837 tuo.
1162 1780 1165 1784 ’

168 1873 247 1962 Ipse
264 1876 359 1940 locus
375 1895 498 1940 causas
513 1875 582 1939 uati
599 1875 690 1939 facit.
741 1875 845 1941 Urbis
861 1877 959 1965 origo

211 1982 317 2048 Venit
328 2004 348 2045 :1
361 1983 444 2048 ades
459 1981 570 2060 sactis,
589 2003 716 2072 magne
734 1981 893 2070 Quirine,
911 1983 999 2052 tuisl

415 2324 448 2372 2.
480 2305 552 2373 Tae
573 2306 769 2395 Foundr‘ng
788 2257 837 2395 eff
848 2308 971 2375 Rome.

165 2519 289 2665 JAM
304 2520 415 2585 luerat
431 2540 560 2605 poenas
576 2520 682 2587 frater
696 2520 900 2598 Numitoris,
919 2532 952 2588 et
967 2542 1069 2589 omne
1098 2513 1101 2517 ⁵
1194 2533 1199 2539 ’

217 2692 220 2699 ,
258 2626 439 2693 Pastorum
456 2626 595 2715 gemino
612 2629 675 2693 sub
692 2628 780 2693 duce
795 2629 920 2715 volgus
937 2640 1020 2693 erat.
1072 2640 1076 2647 '
1172 2648 1231 2701 810

167 2732 380 2801 Contrahere
397 2745 551 2821 agrestes
568 2744 601 2798 et
617 2734 754 2798 moenia
769 2755 896 2819 ponere
911 2736 1045 2821 utrique

211 2839 402 2906 Convenit:
427 2838 624 2925 ambigitur,
644 2840 779 2905 moenia
796 2852 902 2924 ponat
916 2852 1002 2904 uter.
1067 2830 1071 2836 ¹

167 2945 245 3010 ‘Nil
261 2967 347 3031 opus
364 2946 433 3009 est’
450 2945 535 3010 dixit
550 2944 776 3010 ‘certamine'
800 2945 971 3010 Romulus
986 2946 1096 3011 ‘ullor

211 3051 344 3139 Magna
361 3052 446 3116 fides
464 3051 578 3115 avium
596 3062 666 3125 est3
692 3052 911 3135 experiamur
927 3052 1034 3116 aves?

165 3154 238 3223 Res
255 3154 387 3243 placete
413 3158 498 3221 alter
514 3157 584 3221 adit
599 3156 769 3220 nemorosi
785 3177 871 3221 saxa
888 3156 1021 3231 Palati;
1104 3178 1108 3184 ·
1169 3177 1204 3229 81
1209 3190 1225 3247 ς

210 3263 307 3329 Alter
322 3262 532 3328 Aventinum
549 3282 652 3327 mane
667 3283 834 3326 cacumen
851 3262 921 3327 init.

165 3370 237 3437 Sex
254 3370 399 3445 RemuS,
418 3370 475 3433 hic
489 3370 646 3433 volucres
660 3368 714 3432 bis
731 3390 792 3432 sex
806 3369 900 3433 videt
915 3368 1054 3443 ordine3
1080 3380 1186 3454 pacto

210 3476 337 3552 Statur,
357 3485 389 3541 et
406 3474 580 3539 arbitrium
597 3474 768 3539 Romulus
784 3475 878 3539 urbis
894 3475 1008 3539 habet.

163 3581 256 3669 Apta
273 3582 345 3649 dies
361 3581 498 3669 legitur,
516 3600 584 3667 qua
600 3579 736 3645 moenia
753 3581 866 3668 signet
881 3593 1004 3646 aratro.

208 3691 317 3757 Sacra
333 3690 426 3755 Palis
444 3691 625 3762 suberant3
650 3689 731 3753 inde
747 3701 903 3754 movetur
918 3709 1024 3775 opus:
1054 3681 1056 3684 ’
1173 3710 1229 3762 820

163 3798 271 3863 Fossa
288 3798 324 3862 fit
341 3798 385 3862 ad
402 3796 547 3861 solidum
561 3818 569 3871 3
595 3796 715 3883 fruges
726 3795 900 3883 jaciuntur
915 3794 951 3859 in
966 3795 1049 3870 ima,
1185 3806 1189 3811 ’

208 3904 251 3969 Et
267 3904 310 3970 de
326 3904 438 3970 vicino
454 3914 543 3969 terra
559 3902 663 3987 petita
679 3903 765 3967 solo.
