2709 4325
172 238 218 330 64
402 312 404 317 ,
493 240 564 308 Ήισ
592 240 708 327 Grief
720 244 770 326 of
779 239 908 310 Niobe.
1079 257 1226 330 [Menam

173 458 299 525 corque
315 436 425 503 ferum
441 437 545 507 satia'
561 437 666 513 dixit;
693 437 916 523 ‘per'sunera
932 447 1065 523 septem

173 544 316 610 efferorz
340 545 487 621 exsulta,
504 545 698 631 victrixque
712 544 853 630 inimica
868 544 1055 629 triumpha.

172 672 233 715 cur
249 661 362 716 autem
377 649 521 718 victrix?
545 651 691 717 miserae
708 649 791 715 mihi
807 650 907 735 plura
923 660 1117 735 supersunt,
1218 650 1222 655 ’

171 777 275 844 quam
291 756 351 821 tibi
367 755 470 821 felici.
514 755 600 823 Post
615 766 663 821 tot
678 776 815 844 quoque
831 756 953 820 funera
969 755 1095 821 vinco?
1169 773 1224 843 285

151 936 154 942 ,
216 862 374 937 Dixerat,
392 872 426 927 et
441 862 553 929 sonuit
568 873 728 929 contento
743 882 870 948 nenvus
887 862 937 926 ab.
947 882 1052 927 arcu:

170 968 228 1055 qui
245 979 380 1054 praeter
394 966 532 1037 Nioben
547 988 653 1035 unam
669 955 857 1033 conterruit
868 989 1002 1033 omnes.

169 1074 230 1139 illa
247 1075 338 1141 malo
354 1084 405 1141 est
421 1075 550 1141 audax.
597 1072 747 1141 Stabant
758 1094 840 1140 cnm
853 1074 1005 1140 vestibus
1020 1074 1102 1141 atris
1132 1126 1136 1132 .

171 1190 249 1245 ante
265 1191 356 1247 toros
371 1178 514 1247 fratrum
531 1179 683 1245 demisso
697 1180 791 1247 crine
807 1200 963 1254 seronem

170 1287 329 1373 equibus
345 1305 428 1361 una,
446 1286 591 1355 trahens.
602 1286 780 1353 haerentia
795 1286 926 1353 viscere
942 1287 1011 1353 tela
1049 1320 1053 1325 ·
1084 1308 1089 1317 ·
1170 1320 1226 1376 ²9⁰

170 1392 327 1478 imposito
343 1390 452 1485 fratri,
471 1390 675 1461 moribunda
691 1394 864 1481 relanguit
878 1413 961 1469 ore;
1065 1426 1106 1451 2...
1123 1414 1125 1418 ·

171 1498 290 1573 altera,
308 1496 411 1563 solari
429 1497 593 1572 misenamv
606 1509 729 1565 conata
745 1511 937 1585 parentem,
1005 1526 1008 1531 ·
1049 1553 1068 1560 ..
1133 1546 1136 1551 .

81 1688 82 1693 ἵ
170 1603 331 1670 conticuit
347 1603 471 1680 subito,
489 1604 733 1692 duplicataque
747 1606 891 1672 vulnere
904 1626 1011 1685 saeco
1025 1614 1089 1685 est,
1186 1655 1190 1662 .

121 1780 122 1783 ,
170 1731 298 1797 oraque
315 1710 531 1796 compressit,
546 1710 610 1779 nisi
628 1723 811 1798 postquam·
823 1712 961 1797 spiritus
976 1712 1071 1787 ibam
1130 1760 1135 1769 »

170 1817 258 1883 haec
275 1816 398 1882 frustra
412 1818 551 1905 fugiens
567 1819 767 1894 collabitur3
793 1818 852 1883 illa
868 1818 1008 1897 sorori
1043 1849 1046 1856 ¹
1113 1842 1117 1847 ’
1170 1816 1223 1908 ξ9ς

169 1922 367 1999 inmorstum
393 1924 474 1992 latet
490 1926 599 1999 haleca
622 1924 717 1993 illam
732 1923 904 2009 trepidare
920 1923 1068 1989 videres.

214 2029 355 2117 Sexque
372 2031 462 2098 datis·
475 2016 763 2117 letovdi'versaque
778 2030 924 2095 vulnera
937 2030 1062 2115 passis,
1131 2095 1133 2098 ,

168 2136 288 2204 ultima
305 2138 474 2212 restabam
497 2157 604 2224 quam,
618 2147 688 2204 toto
704 2156 849 2223 corpore
863 2147 984 2212 mater,
1005 2134 1009 2139 “
1080 2189 1085 2196 .

167 2255 237 2310 tota
253 2254 348 2310 veste
362 2254 496 2332 tegens
519 2243 660 2311 ‘Unam
674 2243 921 2330 minimamque
936 2242 1113 2330 relinquet

168 2351 212 2416 de
228 2349 343 2415 multis
361 2349 537 2422 minimam
554 2349 677 2434 poseo'
694 2349 856 2418 clamavit
869 2350 879 2385 ³
889 2361 923 2414 et
937 2349 1068 2416 unam!
1169 2381 1226 2435 300

168 2457 320 2543 dumque
335 2466 447 2543 rogat,
465 2477 528 2541 pro
543 2449 611 2542 qua
627 2467 743 2544 rogat‚'
758 2455 895 2522 occidit.
942 2453 1039 2521 Orba
1052 2456 1185 2522 resedit

167 2563 345 2628 exanimes
361 2561 449 2636 intes
465 2547 562 2628 natos
579 2572 745 2649 natasque
761 2562 956 2648 virumque,
1025 2620 1029 2624 .

99 2720 101 2725 .
164 2668 375 2766 diriguitque
392 2668 504 2736 malis.
552 2667 680 2733 Nullos
695 2678 810 2734 movet
824 2689 910 2733 aura
924 2668 1081 2754 capillos,

165 2775 203 2840 in
217 2777 312 2840 vultu
329 2776 423 2851 color
438 2785 490 2840 est
505 2773 579 2842 sine
594 2774 928 2862 sanguine‚.lumina
943 2774 1081 2840 maestis
1331 2864 1332 2869 ἵ

166 2893 255 2948 stant
270 2883 410 2951 immota
426 2882 539 2970 genis,
558 2880 643 2946 nihil
660 2891 711 2947 est
726 2881 761 2949 in
777 2880 930 2968 imagine
946 2882 1075 2947 vivum.
1128 2963 1134 2967 ,
1166 2916 1220 2972 305

122 2969 128 2978 ¹
165 2987 241 3074 ipsa
256 3009 391 3076 quoque
408 2988 548 3062 intetius
565 3008 643 3052 cum
661 2986 883 3074 duro-lingua
898 2987 1014 3073 palato
1032 3046 1034 3049 .

165 3097 338 3183 congelat,
356 3106 390 3160 et
404 3116 513 3162 venae
529 3095 695 3160 desistunt
711 3113 811 3179 posse
827 3092 966 3160 moveri.

164 3223 229 3268 nec
245 3201 334 3267 flecti
351 3203 480 3278 cervix,
498 3222 562 3268 nec
577 3202 742 3268 bracchia
757 3201 1040 3277 redderemotus,

113 3329 114 3332 ¹
164 3329 229 3374 nec
245 3331 306 3394 pes
322 3309 371 3373 ire
388 3319 509 3393 potest,
528 3308 616 3374 intra
633 3329 770 3395 quoque
786 3308 921 3372 viscera
935 3328 1059 3373 saxum
1074 3319 1150 3375 est:

163 3414 221 3479 flet
237 3427 362 3490 tamen,
380 3425 413 3478 et
427 3415 531 3480 validi
548 3415 760 3481 circumdata
776 3413 911 3482 turbine
925 3412 1019 3478 venti
1048 3472 1051 3478 ,
1163 3447 1218 3502 310

83 3513 86 3520 ’
217 3520 355 3548 ··’·’··“
455 3541 469 3550 ·
600 3521 649 3552 ¹¹³
667 3521 735 3566 ’ἕνα
753 3520 933 3586 eacumina
950 3520 1075 3586 montis

936 3648 952 3664 ⁴
971 3634 1151 3693 manant.'
