2709 4325
144 236 207 324 148
372 239 444 307 Tae
477 241 636 331 Worsleip
659 245 707 330 os
719 243 961 332 AEsculapius.
1042 258 1191 326 [Mutant.

141 433 395 520 Parthenopen,
414 447 447 503 et
462 439 505 507 ab
522 439 589 504 hac
605 437 783 506 Cumaeae
797 421 926 525 templa
943 435 1112 523 Sibyllae.

140 541 221 606 hinc
237 541 339 608 calidi
356 543 465 608 fontes
481 545 794 632 lentisciferumque
810 555 942 610 tenetur
1053 582 1055 585 -

139 643 356 724 Linternum,
375 648 585 766 multamque
602 649 741 714 trahens
757 650 822 713 sub
837 647 981 735 gurgite
991 667 1175 715 arenam

138 749 340 829 Volturnus,
360 752 537 839 niveisque
553 753 714 840 frequens
731 753 898 818 Sinuessa
915 754 1097 831 columbis,
1136 783 1169 839 71
1175 785 1191 842 ς

139 855 405 945 Minturnaeque
421 879 559 946 graves,
577 869 611 924 et
625 880 729 946 quam
745 860 926 924 tumulavit
941 862 1113 937 alumnus,

137 961 416 1050 Antiphataeque
433 965 569 1040 domus,
586 953 813 1050 Trachasque
828 965 970 1032 obsessa
985 968 1189 1054 palude,

138 1080 172 1135 et
186 1069 287 1135 tellus
303 1070 463 1147 Circaea,
481 1080 515 1136 et
530 1069 629 1155 spissi
645 1070 754 1135 litoris
768 1068 928 1137 Antium.

185 1175 265 1244 Huc
281 1176 339 1242 ubi
354 1175 532 1242 veliferam
548 1185 675 1242 nautae
692 1169 870 1245 advertere
887 1180 1040 1246 carinam
1051 1189 1099 1246 -ζ

138 1303 240 1370 asper
256 1283 347 1350 enim
357 1284 432 1378 jam
447 1295 571 1369 pontus
588 1294 660 1350 erat
671 1319 717 1332 -
728 1285 814 1352 deus
830 1287 981 1373 explicat
995 1289 1109 1364 orbes,
1135 1317 1193 1373 7²0

138 1411 267 1478 perque
283 1390 377 1456 sinus
395 1391 532 1456 crebros
550 1400 582 1456 et
599 1410 728 1478 magna
743 1393 920 1458 volumina
935 1394 1068 1471 labens,

137 1499 264 1583 templa
280 1496 430 1584 parentis
446 1496 508 1562 init
522 1495 649 1561 flavum
667 1499 844 1585 tangentia
859 1499 951 1566 litus.
1006 1532 1010 1540 ·

139 1623 287 1690 aequore
303 1607 424 1689 pacato
441 1603 569 1689 patrias
585 1601 796 1687 Epidaurius
814 1597 892 1672 aras

137 1710 270 1797 linquit,
288 1721 322 1775 et
336 1709 483 1796 hospitio
495 1708 605 1799 juncti
621 1708 685 1774 sibi
702 1710 852 1777 numinis
867 1732 951 1779 usus
1024 1700 1028 1711 ὅ

137 1815 291 1883 litoream
307 1827 417 1882 traotu
434 1836 599 1903 squamae
617 1814 814 1900 crepitantis
831 1823 972 1885 arenam
1137 1825 1191 1906 725'

137 1923 259 1999 sulcat,
278 1934 311 1988 et
326 1923 464 1988 innixus
481 1920 717 1988 moderamine
733 1923 882 1989 navis-in
900 1927 970 1991 alta
988 1934 991 1941 '
1100 1958 1104 1964 ’
1134 1930 1138 1947 ¹
1178 1924 1191 1954 ‘³

137 2049 252 2114 puppe
269 2040 371 2114 caput
387 2027 511 2115 posuit,
530 2029 640 2094 donec
657 2025 886 2117 Castrumque
903 2045 1089 2119 sacrasque
1109 2039 1113 2042 ’
1137 2038 1143 2048 ’
1181 2065 1186 2072 ·

137 2131 262 2200 Lavini
279 2135 378 2201 sedes
395 2133 630 2221 Tiberinaque
645 2134 691 2200 ad
707 2136 794 2201 ostia
809 2137 922 2203 venit:
1001 2152 1006 2177 -·
1086 2143 1114 2177 ·“’
1182 2153 1188 2160 ·

145 2296 150 2301 .,
182 2240 264 2306 Huc
279 2262 398 2307 omnes
415 2241 531 2328 populi
548 2241 927 2330 passim,*matrumque
945 2240 1150 2331 patrumque

136 2346 237 2414 obvia
253 2348 351 2412 turha
367 2347 445 2424 ruit,
464 2362 621 2434 quaeque
637 2347 751 2435 ignes,
769 2348 918 2424 Troica,
930 2355 1080 2443 serrant,
1137 2369 1194 2436 730

134 2452 256 2529 Vesta,
274 2456 362 2528 tuoe,
378 2450 537 2539 laetoque
553 2453 657 2518 deum
667 2454 824 2519 clamore
844 2457 993 2519 salutant
1003 2457 1045 2529 3³
1130 2490 1135 2497 ·
1185 2437 1188 2445 ’

135 2579 271 2646 quaque
284 2564 350 2643 'per
365 2558 529 2623 adversas
545 2558 645 2622 navis
659 2540 726 2623 cita
737 2559 878 2624 ‘ducitur
887 2561 1018 2637 undas,

69 2703 71 2707 >
134 2674 210 2728 tura
227 2664 330 2749 super
344 2663 437 2749 ripas
453 2663 522 2728 aris
538 2683 582 2727 ex
598 2663 718 2729 ordine
735 2664 850 2731 factis*

135 2776 231 2855 parte
247 2771 292 2835 ab
307 2780 457 2855 utraque
466 2780 602 2845 sonant,
620 2779 653 2834 et
669 2770 813 2837 odorant
829 2751 911 2837 a'e'ra
927 2770 1058 2838 lirrnis.

134 2875 269 2962 ictaque
285 2878 457 2966 conjectos
473 2876 646 2943 incalfacit
661 2878 772 2943 hostia
790 2879 964 2943 cultros?
1136 2906 1190 2965 7³3

174 2983 322 3071 Jamque
339 2996 441 3071 caput
456 2988 584 3075 rerum,-
603 2984 799 3050 Romanam
817 2983 1001 3049 intraverat
1014 2956 1152 3085 urbem.

134 3089 275 3177 erigitur
291 3112 444 3175 serpens,
458 3096 673 3178 summoque
682 3090 828 3155 acclinia
845 3091 941 3155 malo
1001 3119 1006 3143 ι
1025 3103 1043 3135 ·³

135 3196 223 3261 colla
240 3209 364 3272 movet,
383 3197 550 3285 sedesque
567 3196 630 3263 sibi
647 3196 877 3283 'circumspicit
885 3197 1067 3283 ῗιῖιιρτιε

135 3301 322 3366 scinditur'
314 3323 349 3365 m
365 3302 522 3393 geminas
539 3313 652 3387 partes
668 3288 888 3369 circumfluus
904 3302 1080 3367 amnitit·

134 3403 248 3466 aizsula
264 3424 389 3468 nomen
407 3404 529 3477 habett
543 3405 784 3491 laterumque
784 3426 805 3470 e
820 3416 917 3490 parte
930 3405 1079 3474 duorum
1134 3432 1193 3488 740

133 3507 454 3595 porrigit-aequales
470 3509 582 3574 media
599 3510 720 3575 tellure
730 3512 916 3575 racemosa
933 3527 938 3556 -’
1021 3521 1025 3525 “
1046 3522 1050 3527 ’

133 3613 254 3679 hucse
271 3614 314 3679 de
330 3614 431 3679 Latia
448 3614 529 3700 pinu
546 3614 741 3681 Phoebeius
758 3615 892 3704 anguis}
958 3660 962 3682 2

133 3720 286 3797 contulit,
304 3733 338 3787 et
352 3722 456 3785 finem
473 3720 587 3808 specie
604 3722 752 3787 caeleste
767 3730 941 3809 resumpta

133 3826 279 3893 luctibus
295 3826 467 3916 imposuit,
485 3814 646 3917 venitque
663 3828 951 3928 salutifer·Urhi.-
973 3868 978 3871 -
1037 3870 1042 3873 -
1101 3866 1106 3873 ·
