2709 4325
131 237 268 309 V11.70.]
380 217 456 284 She
478 220 668 285 deicourses
691 218 774 286 wr'tlr
797 218 939 304 herself.
1136 220 1181 303 67

169 416 236 480 ‘Di
254 416 402 517 meliora
415 416 544 519 velint:
569 400 779 515 quamquam
796 438 866 481 nou
877 416 945 522 psto
961 406 1150 536 prepapdm
1201 491 1204 506 Ι

128 522 183 587 sed
198 523 363 588 facienda
381 522 477 587 mihi.
524 521 783 587 Prodamne
738 544 780 609 e
771 544 806 587 o
821 542 930 609 regna
947 522 1112 607 parentis,
1182 543 1187 549 ·

128 638 223 713 atque
241 650 310 713 ope
326 607 538 715 nescioquis
555 627 746 693 servabitur
762 630 897 693 advena
914 641 1044 706 nostra,

126 744 159 797 ut
173 755 237 819 per
254 756 312 799 me
328 756 448 819 sospes
464 734 540 799 sine
558 756 613 799 me
629 735 687 800 det
702 734 806 799 lintea
822 735 946 811 ventis,
1146 768 1182 819 40

125 839 245 927 virque
260 841 305 906 sit
320 841 474 915 alterius,
492 861 627 926 poenae
644 840 774 906 Medea
788 840 985 928 relinquar?

126 945 151 1011 si
166 946 286 1011 facere
303 948 382 1023 hoc,
400 948 552 1012 aliamve
569 958 677 1032 potest
694 968 906 1035 praeponere
923 947 1034 1022 nobis,

126 1054 261 1119 occidat
274 1054 444 1141 ingratus.
495 1052 567 1119 Sed
583 1074 651 1118 non
668 1053 698 1119 is
714 1055 828 1119 vultus
843 1053 880 1119 in
895 1054 967 1131 illo,

127 1182 192 1224 ιιοιι
210 1181 254 1225 ea
270 1160 431 1227 nobilitas
446 1160 562 1225 animo
579 1170 644 1235 est,
661 1180 704 1225 ea
721 1160 832 1246 gratia
849 1160 994 1237 formae,

126 1276 161 1329 ut
175 1266 316 1332 timeam
333 1266 491 1332 fraudem
509 1266 688 1353 meritique
704 1267 831 1332 oblivia
848 1267 966 1333 nostri.
1145 1298 1180 1355 45

128 1383 160 1437 et
174 1374 269 1438 dabit
285 1384 365 1438 ante
381 1373 507 1448 fidem3
533 1394 727 1461 cogamque
743 1373 779 1439 in
796 1373 936 1440 foedera
950 1384 1053 1440 testes

128 1499 202 1545 esse
218 1480 315 1545 deos.
362 1478 463 1563 Quin
477 1490 551 1545 tuta
566 1478 687 1545 tirnesl
713 1480 910 1568 accingere,
928 1491 962 1546 et
977 1501 1116 1546 omnem

129 1588 230 1671 pelle
233 1560 388 1661 mirr‘iiu·
413 1586 474 1651 tibi
490 1608 528 1653 se
544 1608 683 1672 semper
699 1587 836 1653 debebit
852 1586 969 1663 Iason,

128 1702 159 1757 te
175 1692 251 1759 face
267 1662 453 1759 sollemni
439 1704 564 1781 junget
580 1693 657 1769 sibi,
676 1714 805 1810 perque
821 1692 991 1781 Pelasgas
1108 1704 1235 1764 dmm
1244 1703 1259 1751 t

130 1770 295 1865 servalrix
310 1800 415 1865 urbes
430 1810 579 1866 matrum
596 1771 691 1867 cel
696 1770 818 1867 abere
833 1800 946 1869 turba
1054 1775 1143 1834 m
1137 1773 1241 1884 5¹⁶²
1249 1782 1274 1819 α’

144 1874 292 1995 ‘Ergo
305 1927 372 1993 ego
385 1926 590 1993 germanam
601 1906 809 1993 fratremque
819 1915 1020 1993 patremque
1030 1906 1183 1995 deosque

131 2022 163 2077 et
176 2014 289 2078 natale
306 2013 431 2089 solum,
450 2012 561 2077 ventis
578 2012 706 2088 ablata,
724 2010 940 2100 relinquam?

130 2140 250 2206 nempe
267 2129 365 2206 pater
381 2140 522 2229 saevus,
540 2138 666 2204 nempe
682 2129 734 2188 est
750 2139 826 2187 mea
842 2118 990 2188 barbara
1006 2118 1119 2198 tellus,

131 2225 229 2291 frater
244 2226 360 2292 adhuc
376 2193 514 2292 infans:
539 2235 627 2292 stant
643 2245 779 2292 mecum
797 2235 875 2293 vote
887 2227 1036 2318 sororis;
1085 2286 1088 2295 ,

132 2332 298 2399 maximus
310 2333 403 2402 intra
421 2351 477 2396 me
493 2330 579 2400 deus
596 2342 657 2400 est.
707 2330 789 2398 Non
805 2352 934 2417 magna
950 2306 1163 2419 relinquam

132 2460 269 2541 magua
269 2451 418 2525 sequar:
443 2436 577 2505 titulum
594 2405 750 2504 seriiitae
767 2437 868 2524 pubis
883 2435 1054 2513 Achivae,

130 2547 348 2633 notitiamque
365 2544 433 2610 loci
451 2543 613 2619 melioris„
632 2555 665 2608 et
680 2544 821 2629 oppida,
839 2565 984 2630 quorum

130 2651 181 2716 hic
194 2673 334 2740 quoque
348 2651 444 2720 fama
460 2650 566 2738 viget,
585 2649 763 2737 cultusque
776 2662 937 2737 artesque
952 2651 1126 2726 locorum3

129 2778 292 2847 quemque
310 2779 379 2846 ego
396 2778 475 2822 cum
493 2757 607 2832 rebus,
625 2777 713 2844 quas
729 2765 817 2822 totus
814 2757 984 2887 possidet
1000 2757 1104 2832 orbis,

128 2862 324 2930 Aesoniden
341 2873 494 2930 mutasse
510 2863 626 2939 velim,
644 2884 713 2949 quo
729 2840 878 2950 conjiige
895 2862 978 2927 felix
1141 2877 1178 2932 60

128 2983 157 3036 et
171 2973 223 3040 dis
240 2939 446 3047 caralerbi,
465 2983 497 3036 et
513 2948 639 3070 veitice
656 2971 769 3038 sidera
786 2982 940 3091 tangam.

133 3095 146 3132 ⁷
169 3078 301 3163 ‘Quid
316 3077 416 3165 quod
430 3079 545 3146 nescio
560 3068 620 3164 qur
610 3077 783 3175 mediis'
774 3044 948 3143 incurr⁰ere
963 3075 999 3140 in
1014 3077 1116 3143 undis

126 3184 281 3251 dicuntur
298 3195 447 3259 montes,
464 3184 686 3271 ratibusque
676 3169 816 3250 mimica
831 3182 1031 3269 Charybdis

24 3309 26 3378 ξ
125 3313 211 3356 nunc
227 3291 372 3358 sorbere
383 3289 524 3366 *fretum
541 3311 635 3356 nunc
651 3291 809 3364 reddere,
828 3270 1008 3375 cinltaque
1024 3289 1137 3354 saevis

25 3385 26 3418 ³
125 3395 241 3516 Scylla
259 3417 373 3480 rapax
388 3398 530 3461 canibus
547 3395 666 3462 Siculo
683 3398 816 3462 latrare
824 3393 1055 3481 profundo?
1139 3411 1173 3481 65

25 3541 26 3588 ι
123 3525 246 3589 nempe
258 3514 384 3566 tenens
393 3503 485 3587 quod
497 3523 588 3575 amo
602 3522 804 3588 gremioque
815 3525 852 3566 m
864 3501 998 3568 Iasonis
1012 3502 1172 3574 haerens

123 3631 180 3694 per
196 3611 287 3672 freta
304 3609 410 3692 longa
421 3608 527 3672 ferar.
576 3607 675 3671 Nihil
691 3607 796 3671 illum
806 3607 968 3688 amplexa
982 3605 1148 3672 verebor3

123 3726 191 3790 aut,
209 3711 343 3832 siquid
358 3721 530 3788 metuam,
540 3723 689 3777 metuam
707 3715 749 3772 de
767 3709 913 3792 conjuge
930 3708 1015 3770 solo.

123 3817 372 3907 conjugiumne
387 3827 504 3889 vocas,
496 3815 798 3929 ‚speciosaquem
751 3810 901 3874 nomina
918 3809 1084 3885 culpae

123 3923 291 4011 imponis,
308 3919 452 3994 Medea,
469 3917 571 3987 tuae?
595 3937 678 4001 qum
696 3878 824 3995 aipice,
843 3918 1007 3992 quantum
1144 3924 1177 3972 70
