2709 4325
157 189 219 260 118
365 187 521 273 Rabalry
544 188 592 272 os
604 185 704 275 Ajax
726 188 800 252 and
828 185 976 274 Ulyssen
1056 203 1204 272 [Morare

153 388 239 454 quas
256 388 322 455 ego
339 366 495 442 sustinui,
513 388 599 454 quas
616 366 683 430 hac
700 387 720 431 a
737 367 848 431 classe
865 366 996 453 fugavi

152 485 201 539 tut
203 475 255 540 ius
272 486 322 539 est
337 474 441 561 igitur
457 474 543 538 fictis
560 473 768 538 contendere
784 473 930 549 verbis,

152 603 255 667 quam
270 601 426 668 pugnare
441 585 558 644 manu.
608 579 679 644 Sed
692 600 757 645 nec
768 579 851 644 mihi
863 580 979 645 dicere
992 554 1203 664 proruptum,

152 708 217 752 nec
234 687 415 752 faceret
365 697 415 752 est
429 687 504 762 isti3
530 698 764 774 quantumque
780 708 848 773 ego
864 698 973 752 marte
989 685 1094 750 feroci

152 793 255 881 inque
273 793 347 858 acie
363 794 475 870 vale0,
493 804 624 858 tantum
641 793 733 858 valet
747 793 810 858 iste
827 793 1010 880 loquendo.

199 899 301 965 ‘Nec
318 901 540 965 memoranda
556 911 672 964 tamen
688 899 785 964 vobis
802 920 879 963 mea
895 900 998 974 facta,
1016 897 1173 984 Pelasgi,

152 1023 227 1066 esse
243 1023 334 1078 reor,
353 1002 483 1067 vidistis
500 1001 613 1067 enim:
638 1020 701 1066 sua
717 1012 832 1066 narret
848 1001 983 1078 Ulixes,

152 1129 240 1195 quae
258 1108 331 1174 sine
348 1119 432 1174 teste
448 1108 550 1196 gerit,
568 1129 714 1196 quorum
731 1130 801 1173 nox
818 1109 956 1174 conscia
971 1108 1045 1173 sola
1061 1094 1131 1172 est.v
1173 1136 1205 1192 15

152 1215 306 1301 praemia
323 1237 451 1302 magna
468 1215 536 1301 peti
554 1215 673 1291 fateor,
692 1216 753 1282 sed
771 1215 877 1282 demit
892 1217 1058 1281 honorem

153 1322 329 1386 aemulus:
354 1320 455 1409 Ajaci
472 1343 541 1387 non
558 1333 608 1386 est
624 1321 774 1386 tenuisse
791 1322 990 1407 superbum,

152 1429 194 1493 sit
210 1429 289 1505 licet
305 1429 371 1494 hoc
386 1429 524 1516 ingens,
542 1427 705 1516 quicquid
723 1428 872 1513 speravit
887 1427 1021 1493 Ulixes.

151 1535 214 1600 iste
230 1535 304 1600 tulit
319 1535 465 1622 pretium
478 1535 550 1622 jam
568 1553 660 1620 nunc
677 1533 872 1600 certaminis
888 1534 1012 1622 hujus:

151 1664 314 1729 quocum
332 1642 440 1707 victus
457 1641 533 1716 erit,
552 1661 686 1704 mecum
705 1651 853 1707 certasse
870 1641 1007 1716 seretur.
1172 1673 1209 1710 20

198 1747 338 1835 ‘Atque
355 1770 434 1836 ego,
453 1747 481 1812 si
498 1745 604 1812 virtus
620 1747 654 1811 in
673 1768 728 1812 me
745 1747 939 1813 dubitabilis
955 1757 1057 1824 esset,

151 1853 326 1920 nobilitate
344 1867 463 1940 potens
481 1875 606 1928 essem,
623 1852 816 1918 Tela-mone
833 1865 980 1929 creatus,
1053 1883 1057 1888 ⁴

152 1961 288 2026 moenia
305 1962 362 2048 qui
380 1959 455 2026 forti
472 1959 625 2048 Trojano
642 1962 706 2026 sub
722 1959 876 2026 Hercule
892 1960 996 2047 cepit,

152 2067 317 2153 litoraque
334 2067 470 2130 intravit
485 2065 667 2154 Pagasaea
685 2065 819 2132 Colcha
835 2067 965 2132 carina.
1007 2105 1010 2127 ;
1081 2115 1085 2125 ι

152 2172 291 2239 Aeacus
309 2174 389 2239 huic
405 2185 501 2259 pater
518 2184 581 2249 est,
599 2175 656 2260 qui
675 2175 753 2261 jura
770 2175 948 2243 silentibus
964 2174 1035 2240 illic
1052 2200 1055 2204 ²
1173 2205 1206 2261 25

152 2281 274 2356 reddit,
293 2280 352 2345 ubi
368 2279 538 2345 Aeoliden
556 2302 677 2373 saxum
695 2302 803 2369 grave
820 2280 996 2368 Sisyphon
1014 2292 1152 2367 urguet.

151 2386 295 2453 Aeacon
313 2386 470 2475 agnoscit
487 2408 652 2461 summus,
672 2388 874 2475 prolemque
890 2387 1013 2451 fatetur

147 2494 305 2581 Juppiter
322 2514 396 2559 esse
413 2516 524 2558 suam.
573 2494 633 2559 Sic
650 2494 693 2557 ab
704 2494 792 2579 Jove
808 2493 925 2559 tertius
940 2492 1057 2582 Ajax„

151 2621 217 2665 nec
233 2613 347 2665 tamen
365 2601 452 2665 haec
468 2600 576 2666 series
594 2600 628 2662 in
645 2621 787 2664 causam
803 2600 921 2685 prosit,
939 2600 1080 2677 Achivi,

127 2796 129 2799 Ι
153 2707 180 2773 si
199 2708 281 2772 mihi
297 2729 376 2772 cum
394 2728 522 2794 magno
539 2729 608 2772 non
626 2718 676 2771 est
692 2707 888 2772 communis·
899 2705 1050 2772 Achille.
1173 2741 1211 2793 30'

151 2814 256 2879 frater
271 2826 363 2879 erat:
389 2815 537 2879 fraterna
555 2826 645 2899 peto.
697 2810 792 2896 Quid
809 2814 979 2901 sanguine
995 2826 1109 2880 cretus

152 2920 330 3007 Sisyphio,
348 2921 511 3008 furtisque
529 2934 561 2985 et
578 2921 697 2986 fraude
715 2920 908 2985 simillimus
924 2919 988 2998 illi,

150 3028 269 3093 inserit
284 3026 447 3092 Aeacidis
465 3028 597 3091 alienae
615 3028 756 3093 nomina
774 3005 908 3115 gentis?

199 3132 278 3198 ‘An
295 3133 411 3219 quod
403 3155 437 3196 nr
455 3154 550 3197 arma
567 3134 670 3218 prior,
690 3136 852 3221 nulloque
869 3134 932 3200 sub
948 3132 1063 3201 indice
1079 3136 1173 3212 veni,

152 3261 247 3304 arma
265 3240 427 3327 neganda
445 3236 549 3303 mihi?
573 3242 755 3327 potiorque
767 3240 938 3316 videbitur
954 3240 1024 3317 ille,
1108 3295 1113 3303 .
1172 3272 1206 3327 35

150 3346 270 3409 ultima
287 3345 344 3433 qui
362 3344 464 3430 cepit,
482 3346 754 3433 detrectavitque
765 3350 880 3414 furore
973 3393 975 3400 ,

151 3453 307 3516 militiam
324 3452 414 3543 ficto,
433 3452 543 3525 donec
554 3452 727 3527 ,sollertior
742 3453 820 3531 isto,

151 3559 212 3623 sed
229 3558 291 3622 sibi
308 3558 469 3633 inutilior,
487 3557 596 3623 timidi
612 3573 806 3627 commenta
821 3562 942 3630 retexit
976 3628 980 3635 ,
998 3594 1000 3598 ·

40 3750 42 3755 ,
151 3664 366 3750 Naupliades
384 3663 502 3740 animi,
520 3664 692 3751 vitataque
708 3667 862 3760 traxitin
880 3667 999 3736 arma?
1021 3675 1023 3678 ’

150 3772 278 3856 optima
294 3792 376 3835 num
394 3780 516 3845 sumat,
535 3771 614 3857 quia
631 3794 766 3838 sumere
782 3775 891 3840 noluit
906 3773 999 3840 ulla?
1107 3762 1110 3765 ⁴
1171 3808 1210 3863 40

150 3899 213 3943 nos
230 3876 423 3943 inhonorati
440 3888 472 3940 et
488 3876 586 3941 donis
603 3879 814 3961 patruelibus
830 3881 916 3957 orbi,
