2709 4325
166 234 207 305 14
343 236 370 283 1.
410 200 481 284 Tre
509 216 674 285 Creation
698 220 773 289 and
792 220 850 285 tlte
871 217 998 286 Flood.
1075 232 1218 309 [Mersa.

162 413 336 485 intremuit
351 425 513 503 motuque
528 414 603 482 vias
619 416 780 502 patefecit
796 434 976 503 aquarum.

164 522 336 607 expatiata
353 534 456 589 ruunt
472 544 534 609 per
549 536 685 608 apertos
701 522 844 588 flumina
861 544 1016 610 campos,
1166 543 1220 611 285

163 649 311 715 cumque
328 629 410 693 satis
427 630 565 693 arbusta
583 629 685 695 simul
703 631 924 717 pecudesque
940 631 1109 718 virosque

163 744 333 823 tectaque,
353 756 501 821 cumque
519 735 589 801 suis
605 738 742 821 rapiunt
758 737 947 822 penetralia
963 738 1084 803 saeris.

164 842 263 928 siqua
279 843 401 908 domus
419 840 555 917 mansit,
573 841 750 930 potuitque
766 842 924 909 resistere
939 854 1033 909 tanto

163 947 333 1037 indejecta
350 948 454 1026 malo,
474 949 611 1015 culmen
628 959 745 1017 tamen
761 950 862 1015 altior
876 950 978 1037 hujus

164 1057 257 1122 unda
273 1055 370 1144 tegit,
388 1074 598 1142 pressaeque
612 1056 719 1121 latent
735 1057 798 1121 sub
815 1056 953 1143 gurgite
969 1067 1090 1123 turres.
1166 1089 1220 1145 290

204 1162 352 1249 Jamque
369 1182 465 1227 mare
480 1171 515 1233 et
528 1162 628 1231 tellus
644 1162 778 1225 nullum
794 1162 978 1228 discrimen
995 1163 1192 1229 habebantr

164 1268 281 1333 omnia
298 1279 420 1354 pontus
437 1279 530 1343 erat;
555 1267 698 1333 deerant
712 1289 852 1355 quoque
867 1268 964 1334 litora
981 1281 1099 1354 ponto.

165 1385 311 1465 occupat
326 1374 384 1440 hic
399 1375 522 1440 collem
535 1396 544 1449 3
569 1374 695 1460 cymba
711 1374 808 1441 sedet
823 1376 911 1440 alter
925 1376 1073 1453 adunca,
1135 1402 1138 1406 ’

165 1492 199 1547 et
214 1481 306 1549 ducit
322 1500 435 1547 remos
451 1481 535 1556 illic,
553 1480 610 1546 ubi
627 1502 739 1565 nuper
754 1466 889 1558 araratr

165 1588 223 1654 ille
239 1609 343 1674 super
358 1598 493 1677 segetes
510 1598 567 1653 aut
584 1606 720 1653 mersae
734 1588 886 1653 culmina
901 1588 1005 1654 villae
1167 1619 1223 1677 ²95

165 1694 326 1783 navigan
352 1694 409 1759 hic
425 1714 559 1760 summa
576 1694 706 1779 piscem
723 1694 906 1779 deprendit
919 1694 955 1758 in
972 1695 1077 1760 ulmo.

165 1802 281 1890 figitur
297 1801 332 1866 in
347 1800 462 1877 viridi,
480 1800 508 1866 si
524 1801 594 1867 fors
609 1800 699 1877 tulit,
716 1802 869 1866 anchora
884 1812 994 1887 prato,

166 1919 224 1973 aut
240 1908 391 1996 subjecta
407 1918 519 1973 terunt
535 1928 661 1974 curvae
678 1906 792 1973 vineta
809 1908 960 1973 carinae.

165 2024 210 2090 et,
230 2015 332 2080 modo
347 2035 415 2101 qua
431 2015 579 2102 graciles
595 2035 740 2101 gramen
758 2034 918 2099 carpsere
934 2016 1104 2100 capellae,
1176 2062 1181 2072 1

164 2142 258 2188 nunc
274 2120 320 2187 ibi
336 2118 507 2188 deformes
523 2133 655 2209 ponunt
670 2142 733 2188 sua
750 2142 894 2207 corpora
910 2107 1056 2207 phocae.

165 2228 332 2297 mirantur
347 2230 413 2294 suh
428 2249 517 2316 aqua
534 2229 630 2296 lucos
647 2230 817 2315 urbesque
832 2229 1024 2316 domosque

165 2335 356 2411 Nereides3
382 2335 554 2424 silvasque
569 2347 686 2401 tenent
702 2335 898 2421 delphines,
915 2348 949 2402 et
964 2337 1041 2404 altis

112 2441 114 2445 ’
165 2442 340 2508 incursant
356 2442 473 2519 ramis,
492 2443 689 2531 agitataque
706 2443 829 2508 robora
845 2444 993 2529 pulsant.

165 2559 225 2614 nat
240 2549 342 2634 lupus
358 2548 446 2614 inter
462 2570 556 2626 oves,
574 2549 695 2616 fulvos
703 2549 799 2614 vehit
812 2552 906 2617 unda
923 2553 1052 2627 leones,
1115 2584 1118 2589 ⁴

165 2656 259 2720 unda
274 2656 368 2720 vehit
383 2657 508 2742 tigres3
535 2675 600 2721 nec
616 2656 707 2722 vires
722 2657 876 2724 fulminis
893 2679 988 2744 apra,
1167 2686 1223 2744 303

166 2783 267 2827 crura
282 2783 348 2826 nec
364 2762 477 2828 ablato
492 2773 634 2849 prosunt
649 2764 783 2832 velocia
799 2785 916 2832 cervo.
1035 2771 1038 2774 ’

166 2869 396 2956 quaesitisque
413 2869 470 2935 diu
487 2870 598 2946 terris,
616 2870 675 2936 ubi
692 2871 811 2939 sistere
829 2873 938 2947 detur,

165 2977 201 3041 in
220 2997 312 3041 mare
329 2977 463 3043 lassatis
479 2976 628 3044 volucris
644 2999 744 3066 vaga
754 2973 880 3044 decidit
895 2978 971 3042 alis.

166 3083 325 3148 obruerat
340 3085 488 3150 tumulos
505 3083 674 3150 immensa
691 3074 830 3151 licentia
847 3083 954 3171 ponti,

165 3189 414 3276 pulsabantque
430 3189 509 3255 novi
528 3201 690 3260 montana
707 3192 889 3260 cacumina
903 3190 1038 3257 fluctus.
1168 3220 1223 3275 310

166 3295 318 3361 maxima
334 3317 415 3382 pars
430 3297 524 3368 unda
540 3299 692 3384 rapitur;
716 3299 842 3385 quibus
857 3299 951 3364 unda
968 3295 1135 3418 pepercit,
1226 3281 1230 3287 ⁴

165 3401 242 3468 illos
258 3402 364 3491 longa
379 3403 548 3470 domant
539 3406 633 3492 mopi
646 3405 780 3495 jejunia
797 3405 901 3471 victu.

211 3509 359 3597 Separat
374 3509 506 3580 Annios
523 3513 663 3580 Oetaeis
679 3513 805 3578 Phocis
823 3514 866 3578 ab
882 3511 985 3587 arvis,

164 3629 255 3684 terra
271 3618 382 3695 ferax,
402 3621 482 3686 dum
500 3633 589 3686 terra
607 3620 689 3686 fuit:
715 3621 776 3686 sed
792 3632 946 3706 tempore
963 3619 998 3684 in
1014 3619 1074 3684 illo
1336 3700 1338 3703 Ι

165 3746 245 3814 pars
263 3727 368 3792 maris
385 3738 418 3792 et
434 3729 522 3793 latus
540 3715 728 3793 subitarum
745 3748 890 3814 campus
907 3746 1086 3820 aquarum.
1168 3755 1220 3812 3⁴5

166 3855 263 3900 mons
279 3833 327 3900 ibi
343 3833 526 3900 verticibus
543 3835 625 3920 petit
641 3835 768 3932 arduus
785 3846 875 3899 astra
890 3835 1037 3908 duobus,

165 3941 304 4008 nomine
320 3941 508 4018 Parnasus,
527 3951 759 4028 superantque
773 3940 955 4005 cacumina
970 3939 1091 4006 nubes.
