2709 4325
117 218 148 272 X.
159 215 213 288 74]
369 197 575 284 Half-wan,
593 199 653 276 dut
674 197 740 264 lost
762 199 884 285 again.
1112 219 1157 288 99

117 415 300 480 exsangues
314 393 445 460 fiebant
461 394 621 468 animae;
646 383 712 460 nec
727 394 898 460 Tantalus
913 395 1043 461 undam

117 500 252 585 captavit
267 501 439 588 refugam,
460 501 655 586 stupuitque
672 500 803 566 Ixionis
818 500 923 577 orbis,

116 627 171 676 nec
186 627 343 690 carpsere
356 607 455 694 jecur
470 608 642 689 volucres,
660 607 825 694 urnisque
839 617 1007 673 vacarunt

115 710 253 788 Belides,
271 713 376 799 inque
392 724 450 777 tuo
468 712 598 788 sedisti,
615 712 781 800 Sisyphe,
798 733 896 779 saxo.

113 829 186 883 tune
199 819 348 904 primum
365 805 517 884 lacrimis
533 818 701 884 victarum
717 820 870 885 carmine
886 819 978 885 fama
994 830 1046 886 est
1120 850 1156 907 45

115 923 336 988 Eumenidum
354 924 529 991 maduisse
545 945 667 1013 genas.
716 923 795 990 Nec
811 925 908 1013 regia
924 925 1076 1014 conjunx
1124 969 1130 978 ·

114 1029 244 1096 sustinet
259 1030 383 1106 oranti,
402 1050 468 1096 nec
483 1031 541 1117 qui
558 1031 647 1118 regit
662 1030 746 1107 ima,
765 1050 915 1118 negare:

113 1134 370 1224 Eurydicenque
384 1149 523 1210 vocant.
570 1136 722 1202 Umbras
738 1148 811 1202 erat
827 1136 886 1200 illa
902 1123 1056 1204 recentes

113 1241 201 1318 inter,
219 1253 253 1308 et
268 1242 410 1310 incessit
426 1263 531 1329 passu
547 1243 590 1321 de
606 1243 749 1308 vulnere
764 1242 874 1308 tardo.

113 1349 193 1414 hanc
209 1349 312 1415 simul
330 1361 364 1414 et
380 1337 496 1437 legem
512 1349 741 1434 Rhodopeius
758 1348 882 1434 accipit
897 1349 1010 1427 heros,
1122 1380 1156 1435 50

112 1453 276 1541 reflectat
292 1465 383 1520 retro
400 1455 624 1534 sualumina,
643 1456 754 1522 donec
769 1453 929 1522 Avernas

111 1561 220 1625 exierit
235 1562 359 1638 valles,
379 1547 438 1626 aut
452 1561 546 1627 irrita
562 1562 654 1627 dona
670 1561 795 1628 futura.

148 1665 310 1754 Carpitur
325 1667 466 1734 acclivis
483 1689 544 1753 per
561 1680 654 1733 muta
671 1667 807 1734 silentia
823 1679 964 1743 trames,

110 1774 242 1849 ardone,
260 1774 441 1849 obscurus,
460 1774 611 1862 caligine
628 1775 756 1840 densus
771 1795 895 1860 opaca.

109 1901 167 1945 nec
181 1880 302 1965 procul
319 1880 479 1945 afuerunt
494 1880 625 1945 telluris
640 1882 797 1968 margine
814 1901 991 1947 summae:
1121 1910 1155 1969 35

108 1985 170 2063 hic,
188 2008 232 2052 ne
248 1987 411 2052 deficeret
428 1998 596 2062 metuens,
614 1988 805 2074 avidusque
820 1987 974 2065 videndi,

108 2091 195 2158 flexit
211 2113 334 2158 amans
349 2093 488 2169 oculos3
512 2104 545 2158 et
560 2093 714 2181 protinus
731 2093 790 2158 illa
806 2095 941 2181 relapsa
958 2105 1021 2173 est,

108 2198 332 2290 bracchiaque
348 2201 529 2269 intendens
546 2202 737 2290 prendique
753 2213 787 2268 et
802 2204 971 2289 prendere
987 2216 1131 2291 captans

109 2308 152 2372 nil
166 2308 231 2375 nisi
248 2310 411 2375 cedentes
426 2308 547 2375 infelix
564 2308 682 2395 arripit
698 2330 812 2375 auras.

107 2414 239 2505 jamque
255 2411 546 2481 iterum'moriens
562 2436 631 2483 non
649 2428 700 2482 est
715 2418 759 2483 de
775 2416 923 2507 conjuge
939 2416 1124 2506 quicquam

110 2536 221 2609 questa
237 2548 323 2592 suo:
347 2526 431 2615 quid
447 2526 538 2593 enim
555 2526 621 2592 nisi
637 2547 675 2593 se
691 2537 890 2615 quereretur
905 2525 1079 2593 amatum?

112 2650 370 2721 supremumque
399 2633 514 2701 Vale!
536 2635 628 2721 quod
640 2634 713 2724 jam
730 2634 789 2701 vix
806 2636 945 2701 auribus
960 2635 1019 2700 ille

114 2739 285 2825 acciperet,
304 2740 403 2815 dixit,
422 2742 642 2827 revolutaque
659 2764 777 2807 rursus
794 2743 915 2808 eodem
931 2751 996 2807 est.

151 2845 228 2912 Non
246 2848 345 2912 aliter
360 2848 487 2933 stupuit
501 2848 640 2935 gemina
657 2870 743 2914 nece
760 2848 917 2936 conjugis
934 2846 1108 2932 Orpheus

114 2968 206 3034 quam
222 2951 287 3016 tria
303 2952 362 3038 qui
379 2951 530 3027 timidus,
550 2953 664 3019 medio
681 2964 836 3039 portante
852 2964 1006 3026 catenas,
1121 2968 1155 3039 65

114 3057 193 3122 colla
209 3058 306 3123 canis
321 3058 425 3133 vidit;
449 3080 552 3145 quem
569 3081 638 3125 noo
655 3082 762 3146 pavor
777 3071 856 3125 ante
872 3058 1018 3145 reliquit,

114 3182 207 3247 quarn
224 3177 347 3229 natura
364 3164 467 3249 prior,
483 3187 568 3231 saxo
584 3187 646 3252 per
662 3188 786 3251 corpus
802 3167 941 3233 oborto:

113 3270 230 3357 quique
246 3272 282 3337 in
299 3293 337 3337 se
354 3271 483 3337 crimen
499 3272 603 3337 traxit
618 3273 791 3359 voluitque
807 3271 916 3338 videri

115 3370 235 3443 Olenos
252 3398 328 3444 esse
345 3370 487 3475 ho'cens,
504 3388 609 3465 tuque
625 3378 658 3444 Ο
674 3379 805 3443 confisa
821 3380 969 3467 figurae,

114 3476 225 3545 infelix
242 3479 412 3556 Lethaea,
431 3491 523 3556 tuae,
538 3480 753 3569 junctissima
768 3484 944 3568 quondam
1124 3512 1159 3567 70

115 3597 258 3669 pectora,
276 3608 372 3651 nunc
386 3586 531 3671 lapides,
548 3608 634 3673 quos
651 3588 793 3652 humida
810 3589 951 3654 sustinet
967 3588 1042 3654 Ide.

155 3692 317 3761 Orantem
335 3694 525 3780 frustraque
540 3693 662 3757 iterum
678 3694 822 3759 transire
839 3696 1011 3762 volentem

117 3800 246 3880 portitor
262 3810 429 3865 arcuerat.
479 3799 618 3883 Septem
636 3810 750 3863 tamen
768 3800 825 3863 ille
842 3800 963 3866 diebus

118 3907 286 3991 squalidus
301 3906 337 3973 in
355 3906 429 3992 ripa
445 3904 581 3973 Cereris
598 3905 671 3971 sine
690 3926 831 3969 munere
848 3892 955 3982 sedita
