2709 4325
168 215 232 305 176
534 215 686 284 Storter
706 213 842 282 Pomm.
1062 231 1217 306 [unum.

63 463 66 472 ·
164 415 282 493 Nunc,
302 439 329 482 st
320 416 431 482 forte
447 424 543 501 potes
563 413 642 499 (sed
659 434 729 478 non
746 421 854 497 potes,
872 410 1002 496 optima
1018 412 1208 537 conjunx),

209 523 330 594 Finitis
346 522 461 609 gaude
477 532 524 585 tot
541 519 623 586 mihi
640 531 748 584 morte
764 517 877 583 malis.

166 627 271 712 Quod
285 640 396 714 potes,
415 639 564 692 extenua
581 625 656 690 lorti
674 623 767 689 mala
782 623 886 689 corde
903 622 1058 701 serendo,
1149 684 1152 690 .

209 734 266 800 Ad
282 755 370 821 quae
383 731 590 822 jampridem
607 751 675 796 non
692 730 777 796 rude
794 741 912 815 pectus
928 729 1048 798 habes.

162 838 278 926 Atque
293 840 423 904 utinam
441 849 582 924 pereant
598 837 735 902 animae
753 856 831 902 cum
848 854 990 920 corpore
1006 835 1157 918 noemae,
1191 903 1197 909 ,

208 945 430 1034 Effugiatque
447 944 566 1012 avidos
583 963 663 1029 pars
680 940 763 1008 mihi
779 942 875 1008 nulla
890 940 1015 1028 rogos!
1182 961 1219 1015 60

163 1050 257 1118 Nam
274 1053 303 1120 si
320 1063 426 1116 morte
444 1070 565 1115 carens
582 1069 694 1114 vacua
710 1047 802 1114 volat
818 1047 905 1115 altus
920 1047 957 1113 in
973 1067 1057 1114 aura

209 1157 367 1243 Spiritus,
384 1168 419 1221 et
433 1156 544 1222 Samii
561 1164 639 1220 sunt
654 1167 728 1220 rata
745 1153 836 1222 dicta
852 1152 957 1227 senis,

162 1263 256 1329 Inter
272 1263 481 1330 Sarmaticas
498 1261 659 1328 Romana
675 1259 858 1348 vagabitur
873 1260 1026 1336 umbrae,

191 1369 341 1455 ¹Perque
358 1372 447 1434 feros
465 1389 583 1433 manes
601 1366 736 1451 hospita
752 1386 890 1451 semper
904 1368 980 1432 erit.

163 1475 253 1542 Ossa
269 1487 385 1548 tamen
401 1473 503 1540 facito
518 1493 626 1560 parva
644 1471 835 1540 reserantur
850 1471 885 1535 in
901 1493 1009 1539 urna:
1181 1493 1217 1564 ⁶3

207 1581 268 1648 Sic
283 1602 352 1670 ego
368 1603 436 1646 non
453 1580 555 1646 etiam
573 1591 726 1647 mortuus
742 1579 841 1646 exsul
857 1599 928 1648 eru.

161 1687 244 1755 Non
256 1698 347 1753 vetat
363 1688 429 1754 hoc
441 1685 644 1773 quisquam}
662 1685 801 1754 fratrem
813 1683 985 1754 Thebana
997 1699 1217 1778 peremptum

207 1793 395 1880 subposuit
410 1795 541 1859 tumulo
557 1814 641 1880 rege
657 1803 793 1859 vetante
808 1814 918 1860 soror.

160 1899 275 1988 Atque
292 1921 333 1966 ea
350 1921 428 1966 cum
444 1899 535 1965 foliis
551 1910 584 1966 et
600 1898 728 1966 amomi
744 1899 886 1985 pulvere
901 1899 1021 1979 misce,
1046 1963 1050 1970 .

206 2008 321 2094 lnque
332 2007 529 2072 suburbano
545 2006 683 2074 condite
700 2027 791 2092 pone
806 2007 893 2074 solo.
921 2017 926 2024 ’
1181 2041 1219 2098 70

162 2113 329 2202 Qosque
344 2114 438 2203 legat
453 2134 574 2181 vorsus
584 2113 691 2181 ‚oculo
707 2123 912 2201 properante
927 2113 1071 2196 viatott'
1138 2180 1141 2185 .

204 2220 402 2287 Grandibus
418 2220 453 2285 in
470 2220 563 2313 tituli
574 2242 745 2289 marmore
760 2222 868 2289 caede
885 2223 995 2291 notisz

159 2346 221 2393 mc
243 2347 317 2393 oco
340 2346 404 2410 Qu
422 2346 536 2411 Jncoo
560 2346 797 2395 uuuuuonuu
820 2347 940 2397 nuson
962 2349 1124 2399 nuonuu

204 2454 357 2501 mommo
381 2454 482 2501 nunu
506 2433 610 2503 ano
634 2443 760 2501 rocon
782 2455 882 2503 uuo:

158 2562 209 2609 nc
232 2563 308 2609 unu
331 2564 394 2629 Qu
410 2563 564 2611 cunnus
588 2564 638 2610 uu
662 2564 722 2610 sm
744 2550 871 2611 σωκ
891 2552 1058 2631 Qusoym
1073 2554 1218 2622 Amneni

203 2670 341 2717 meone
364 2652 528 2718 anoms
552 2671 748 2730 monumen
771 2670 860 2718 ossn
882 2672 1052 2719 cunnum·

159 2756 239 2823 Hoc
255 2759 336 2825 satis
352 2758 387 2825 in
399 2759 500 2826 titulo
517 2770 589 2836 est;
613 2759 739 2825 etenim
756 2759 888 2849 majora
905 2760 1013 2826 libelli

204 2863 248 2929 Et
263 2865 421 2930 diuturna
438 2864 550 2953 magis
567 2874 645 2933 sunt
662 2866 872 2933 monimenta
888 2866 985 2943 mihi,

160 2967 261 3054 Qo'n
274 2992 341 3057 ego
357 2971 504 3048 confido,
523 2972 680 3059 quamvis
697 2994 859 3051 nocuere,
877 2975 1017 3042 daturos

204 3075 342 3143 Nomen
358 3088 393 3143 et
408 3078 536 3144 auctori
552 3089 707 3164 tempora
723 3080 830 3168 longa
846 3102 921 3147 suo.

158 3180 216 3248 Tu
231 3195 345 3249 tamen
363 3183 529 3251 exstincto
546 3184 665 3251 feralia
683 3208 827 3253 munera
843 3192 981 3275 semper
1080 3192 1084 3198 ’
1104 3194 1108 3201 ’

204 3288 327 3377 Deque
342 3290 408 3356 tuis
425 3290 575 3357 lacrimis
593 3292 735 3359 humida
751 3306 841 3361 serta
857 3294 959 3361 duioz

160 3393 355 3497 Quamvis
346 3418 381 3463 m
399 3397 530 3465 cineres
547 3418 672 3484 corpus
689 3400 871 3467 mutaverit
885 3401 991 3490 ignis,

204 3501 336 3567 Sentiet
351 3502 502 3571 officium
519 3515 648 3573 maesta
666 3505 834 3572 favilla
802 3529 910 3600 pium.

159 3605 319 3675 Scribere
336 3609 434 3693 plura
450 3609 543 3683 libet,
562 3611 623 3677 sed
639 3632 708 3678 vox
724 3613 809 3679 mihi
825 3615 916 3681 sessa
932 3616 1105 3704 loquendo
1179 3638 1214 3709 85

204 3713 414 3781 Dictandi
382 3736 472 3782 mres
488 3715 647 3802 siccaque
664 3718 785 3806 lingua
800 3733 917 3808 negat

157 3816 290 3906 Accipe
307 3841 467 3905 supremo
484 3821 613 3889 dictum
630 3824 713 3891 mihi
729 3825 870 3894 forsitan
887 3850 960 3904 ore,

205 3923 323 4009 Quod,
341 3925 401 3991 tibi
417 3925 476 4013 qui
493 3926 603 4004 mittit,
620 3950 690 3997 non
705 3930 810 3999 habet
824 3932 911 4020 ipse,
930 3934 1051 4001 vncnl
