2709 4325
110 288 135 341 1.
162 281 221 358 79]
331 260 404 333 He
425 262 613 333 Heavms:
643 267 809 335 Crentrbn
832 268 881 355 eff
893 262 996 334 illan.
1153 284 1173 355 7

111 476 210 551 parte
227 475 349 530 secant
364 483 487 541 zonae,
504 464 623 551 quinta
640 475 692 531 est
707 464 881 531 ardentior
895 462 985 531 illisr

112 573 163 636 sic
178 594 270 637 onus
286 572 456 637 inclusum
473 592 618 637 numero
634 572 789 637 distinxit
804 573 926 637 eodem

113 699 198 743 cura
215 678 287 755 dei,
305 679 514 765 totidemque
531 679 658 765 plagae
674 676 796 744 tellure
811 690 1024 764 premuntur.

113 805 264 871 quarum
280 801 370 871 quae
386 784 501 850 media
517 796 580 860 est,
598 795 736 851 nonest
752 785 948 851 habitabilis
964 796 1082 862 aestu;

114 889 176 955 nix
191 890 280 979 tegit
294 892 364 957 alta
379 891 467 957 duas
480 913 489 967 3
512 886 653 957 totidem
669 890 758 956 inter
772 903 954 979 utramque
969 893 1107 971 locavit,
1141 924 1176 982 5⁰

114 996 386 1085 temperiemque
396 998 504 1077 dedit,
514 997 620 1062 mixta
635 1016 716 1063 cum
733 993 861 1087 frigore
877 998 1029 1065 flamma.

162 1102 325 1169 Imminet
341 1104 395 1169 his
412 1109 493 1168 aer:
517 1104 589 1190 qui,
607 1114 737 1191 quanto
752 1118 804 1171 est
820 1107 973 1191 pondere
988 1117 1100 1172 terrae
1174 1167 1192 1191 ,

117 1212 254 1296 pondus
271 1226 382 1298 aquae
398 1210 523 1286 levius,
541 1218 635 1276 tanto
651 1222 704 1277 est
718 1213 896 1279 onerosior
911 1214 998 1303 igni.

117 1316 188 1381 illic
204 1326 239 1382 et
254 1317 411 1392 nebulas,
430 1316 502 1381 iilic
519 1317 703 1383 consistere
719 1320 829 1386 nubes

113 1422 228 1512 jussit,
246 1425 468 1489 tet-humanas
485 1434 619 1488 motura
634 1425 783 1490 tonitrua
798 1438 941 1505 menteS,
1141 1458 1174 1514 55

116 1540 246 1595 etcum
263 1530 465 1595 fulminibus
481 1530 647 1596 facientes
663 1530 793 1621 frigora
808 1524 941 1600 ventos.

117 1610 172 1701 his
188 1654 325 1723 qnoque
342 1654 412 1702 non
430 1638 558 1723 passim
576 1639 695 1703 mundi
712 1638 896 1705 fabricator
912 1641 1111 1707 habendum

118 1748 199 1808 aera
216 1743 393 1829 permisit=
417 1743 478 1808 vix
495 1760 586 1809 nunc
603 1745 774 1813 obsistitur
787 1746 866 1825 iliis,

117 1872 199 1915 cum
214 1872 278 1915 sua
293 1850 440 1937 quisque
457 1863 579 1938 regant
596 1852 734 1918 diverso
748 1852 891 1919 flamina
906 1862 1028 1930 tractu,

116 1957 201 2043 quin
217 1957 347 2023 lanient
364 1950 552 2031 mundum
576 1969 669 2027 tanta
685 1970 738 2026 est
751 1959 924 2026 discordia
939 1961 1093 2026 fratrum.
1138 1977 1175 2033 60

1 2092 2 2099 ¹
116 2063 233 2131 Eurus
250 2065 294 2130 ad
307 2082 472 2129 auroram
488 2063 739 2151 Nabataeaque
754 2082 864 2153 regna
879 2068 1034 2145 recessit,

115 2171 330 2260 Persidaque
347 2171 503 2238 et-radiis
515 2172 601 2261 juga
618 2174 755 2238 subdita
772 2175 966 2250 matutinis3

115 2277 254 2365 Vesper
269 2289 306 2344 et
317 2278 464 2344 occiduo
479 2273 569 2366 quae
586 2279 684 2345 litora
700 2281 773 2346 sole
789 2292 980 2368 tepescunt,

116 2385 276 2471 proxima
293 2398 372 2452 sunt
388 2384 572 2472 Zepbyr03
597 2381 778 2473 Scythiam
796 2400 995 2477 septemque
1010 2383 1156 2455 trionem

118 2493 263 2558 horrifer
277 2492 405 2558 invasit
420 2491 571 2566 Boreas;
597 2491 767 2558 contraria
783 2494 885 2560 tellus
1137 2514 1171 2582 ⁶5

118 2598 265 2666 nubibus
282 2598 631 2685 assiduis-pluvioque
648 2599 816 2666 madescit
830 2601 876 2665 ab
893 2598 1034 2665 Austro.

118 2705 206 2770 haec
221 2705 503 2792 superimposuit
518 2705 686 2792 liquidnm
702 2717 736 2770 et
752 2707 920 2794 gravitate
937 2717 1110 2776 carentem

118 2812 270 2888 aethera,
289 2811 554 2898 necquicquam
573 2823 729 2878 terrenae
746 2813 852 2900 faecis
869 2814 1064 2879 habentem.

161 2916 234 2983 Vix
250 2918 296 2983 ita
311 2918 475 2984 limitibus
491 2918 723 3005 dissaepserat
737 2919 854 2984 omnia
871 2919 985 2996 certis,

1 3059 2 3087 r
92 3015 196 3108 g'cum
213 3046 304 3114 quae
321 3014 514 3110 press'ddiu
532 3027 650 3092 massa'
662 3016 873 3090 latuere'snb
889 3025 962 3103 illa,
1138 3059 1172 3114 70

91 3124 230 3216 {sidera
247 3144 435 3217 coeperunt
450 3143 518 3198 toto
535 3131 761 3198 effervescere
778 3133 896 3198 caelo:

88 3229 183 3304 <ineu
201 3237 299 3325 regio
314 3237 401 3302 foret
417 3239 488 3303 ulla
504 3239 575 3304 suis
591 3239 824 3306 animantibus
839 3240 936 3314 orba,

88 3345 208 3420 'Castra
223 3355 342 3410 tenent
358 3345 505 3410 caeleste
521 3347 632 3411 solum
649 3347 849 3434 formaeque
870 3348 1034 3423 deorum,

1 3492 3 3499 ·
88 3447 102 3463 ''
113 3463 295 3518 cesserunt
312 3451 425 3516 nitidis
441 3449 649 3518 habitandae
665 3453 816 3538 piscibus
831 3455 967 3530 uodae3

69 3541 82 3580 ³
111 3569 206 3624 terra
222 3557 315 3622 feras
331 3556 433 3643 cepit,
450 3560 607 3624 volucres
624 3559 798 3646 agitabilis
814 3566 887 3626 aer.
1084 3607 1088 3614 -
1137 3590 1170 3647 75

155 3663 395 3748 Saqctiusbis
412 3663 540 3728 animal
558 3665 750 3750 mentisque
767 3666 931 3750 capacius
948 3667 1038 3730 altae
1128 3668 1191 3715 ‘³³2²

111 3773 236 3838 deerat
253 3770 431 3845 adbuc,'et
445 3771 537 3854 quod
553 3769 723 3834 dominari
739 3770 775 3832 in
791 3781 904 3833 cetera
921 3780 1047 3855 posset.

82 3879 90 3939 .'
112 3889 216 3942 natus
235 3877 338 3940 homo
355 3886 424 3938 est:
450 3874 521 3939 sive
538 3876 631 3938 hunc
647 3874 764 3937 divino
780 3866 911 3937 semine
927 3863 1007 3937 fecit

65 4027 72 4034 -
112 3986 171 4051 ille
189 3981 311 4069 opifex
326 4001 453 4057 rerum,
472 3978 590 4044 mundi
608 3977 758 4042 melioris
774 3977 886 4062 origo,
947 4008 953 4018 ·
