2709 4325
169 251 233 298 120
383 231 538 319 Rivalry
561 233 609 318 os
621 229 721 319 Ajax
743 229 818 294 and
845 227 993 316 Ulysses.
1073 245 1220 318 [Merum.

166 429 194 494 si
212 438 343 514 perstas
359 440 504 504 certare,
522 429 637 494 locum
653 427 835 492 redeamus
851 425 887 490 in
903 426 1022 491 illum:

166 535 271 598 redde
289 534 433 610 hostem,
452 535 645 621 vulnusque
661 544 771 609 tuum,
790 531 994 618 solitumque
1010 533 1183 609 timorem,

166 651 242 726 post
258 640 474 726 clipeumque
491 641 571 715 late,
590 651 623 704 et
640 660 775 704 mecum
792 639 961 703 contende
977 639 1041 703 sub
1057 638 1129 704 illo.

167 758 201 811 at
216 757 396 832 postquam
413 745 534 831 eripui,
554 745 609 811 cui
626 745 738 810 standi
754 745 897 808 vulnera
913 744 1002 808 vires
1184 762 1221 814 80

166 874 236 917 non
253 853 429 926 dederant,
448 853 542 917 nullo
558 851 711 916 tardatus
727 850 868 914 vulnere
883 849 985 936 fugit.

214 969 223 998 ‘
240 957 370 1022 Hector
385 959 493 1032 adest,
512 977 699 1042 secumque
715 957 798 1021 deos
814 955 850 1019 in
866 955 997 1040 proelia
1013 955 1127 1022 ducitr

167 1085 302 1152 quaque
320 1065 398 1139 ruit,
418 1085 486 1134 non
503 1075 539 1128 tu
555 1074 687 1127 tantum
702 1061 852 1137 terreriS,
871 1061 990 1139 Ulixe,

168 1172 228 1236 sed
244 1171 347 1236 fortes
363 1171 479 1244 etiam,
497 1181 628 1234 tantum
644 1167 747 1232 trahit
763 1167 820 1233 ille
835 1164 977 1234 timoris.

167 1279 260 1342 hunc
277 1298 343 1364 ego
360 1275 572 1364 sanguineae
590 1295 753 1340 successu
770 1275 884 1340 caedis
900 1288 1061 1342 ovantem
1185 1295 1223 1364 35⁴

168 1384 322 1450 cominus
339 1382 469 1470 ingenti
486 1382 686 1467 resupinum
704 1382 855 1467 pondere
870 1383 964 1459 sudi3

168 1492 260 1555 hunc
277 1502 343 1578 ego
360 1499 570 1575 poscentem,
589 1509 667 1553 cum
685 1511 753 1575 quo
770 1503 999 1567 concurreret,
1016 1512 1107 1556 unus

50 1623 52 1628 ·
168 1596 322 1673 sustinui,
342 1607 535 1683 sortemque
552 1615 664 1660 meam
680 1595 832 1672 vovistis,
849 1594 991 1673 Achivi,

168 1715 200 1769 et
215 1716 348 1769 vestrae
364 1703 503 1768 valuere
520 1723 652 1788 preces.
701 1701 741 1768 Si
756 1703 919 1790 quaeritis
935 1705 1038 1793 hujus

167 1811 337 1876 fortunam
354 1831 506 1898 pugnae,
525 1831 594 1874 non
611 1831 689 1875 sum
704 1821 885 1897 superatus
901 1811 946 1877 ab
961 1811 1033 1878 illo.
1067 1877 1070 1882 ,
1182 1845 1221 1900 90

168 1939 248 1982 ecce
265 1917 377 1982 serunt
391 1917 502 1982 Tro'e‘s
518 1917 713 2003 ferrumque
729 1917 915 2005 ignemque
927 1918 1118 2005 Jovemque

167 2023 203 2088 in
220 2024 361 2088 Danaas
378 2025 527 2088 classes:
550 2024 610 2092 ubi
627 2045 720 2088 nunc
736 2025 905 2090 facundus
922 2024 1068 2091 Ulixes?

167 2152 292 2218 nempe
309 2152 375 2219 ego
393 2130 485 2195 mille
502 2151 579 2196 meo
596 2131 729 2217 protexi
745 2143 882 2217 pectore
898 2153 1047 2219 puppes,

168 2262 264 2325 spem
280 2238 383 2304 vestri
399 2238 539 2303 reditus.
589 2238 677 2303 Date
694 2250 741 2304 tot
757 2260 820 2324 pro
836 2240 980 2305 navibus
996 2261 1103 2305 arma.

214 2358 223 2387 ⁴
240 2344 345 2433 Qod
362 2344 390 2410 si
406 2366 488 2409 vera
505 2344 584 2409 licet
600 2345 684 2409 mihi
700 2346 828 2421 dicere,
846 2346 1019 2432 quaeritur
1034 2347 1119 2422 istis,
1182 2380 1218 2435 95

167 2475 272 2541 quam
296 2452 392 2529 mihi,
411 2451 521 2541 major
544 2452 666 2529 honos,
692 2451 944 2541 conjunctaque
966 2452 1078 2540 gloria
1100 2464 1220 2518 nostra

303 2572 373 2626 est:
1221 2561 1224 2565 ’

168 2677 269 2754 atque
286 2664 380 2755 Ajax
396 2665 512 2742 armis,
531 2688 601 2732 non
617 2663 719 2732 Aiaci
736 2686 831 2731 arma
849 2676 1019 2752 petuntur.

168 2774 321 2841 conserat
337 2775 389 2839 his
407 2772 545 2839 Ithacus
561 2774 733 2848 Rhesum,
752 2772 994 2860 imbellemque
1011 2772 1161 2848 Dolona,

168 2881 435 2968 Priamidenque
453 2882 626 2946 Helenum
643 2893 741 2965 rapta
757 2878 996 2945 cumPallade
1013 2891 1165 2966 captum.

168 2990 245 3054 luce
261 2988 347 3053 nihil
365 2999 515 3077 gestum,
531 2988 616 3051 nihil
633 2999 685 3051 est
701 2987 869 3052 Diomede
885 2997 1028 3053 remoto.
1170 3018 1220 3057 roo

169 3095 196 3160 si
214 3096 321 3160 semel
338 3095 401 3160 ista
418 3095 505 3159 datis
523 3094 650 3186 meritis
666 3105 736 3157 tarn
752 3093 877 3158 vilibus
892 3114 1001 3170 arma,

168 3201 325 3276 dividite,
339 3212 372 3266 et
388 3222 467 3285 pars
484 3200 525 3264 sit
541 3184 650 3286 major
663 3199 845 3265 'Diomedis
861 3201 896 3263 in
913 3199 992 3265 illis.

169 3329 236 3392 quo
252 3318 367 3371 tamen
385 3306 472 3370 haec
489 3302 630 3373 Ithaco?
653 3306 711 3391 qui
728 3308 832 3381 clam,
850 3307 909 3393 qui
925 3328 1063 3393 semper
1078 3308 1222 3374 inermis

169 3435 241 3477 rem
258 3412 357 3500 gerit,
376 3423 410 3477 et
426 3412 522 3477 surtis
538 3412 712 3477 incautum
730 3413 856 3498 decipit
873 3412 1028 3479 hostem?

168 3518 245 3603 ipse¹
259 3519 347 3584 nitor
363 3520 485 3605 galeae
502 3520 595 3585 claro
612 3520 777 3585 radiantis
793 3522 955 3587 ab-auro.
1125 3544 1145 3580 t.
1171 3552 1221 3609 ¹05

169 3623 311 3690 insidias
328 3627 459 3710 prodet,
479 3625 776 3713 manifestabitque
793 3628 967 3692 latentem.

215 3741 224 3771 ‘
241 3730 312 3796 Sed
329 3752 439 3818 neque
458 3730 638 3795 Dulichius
656 3732 720 3796 sub
736 3731 886 3799 Achillis
901 3734 1037 3801 casside
1052 3748 1175 3803 vertex

168 3838 321 3922 pondera
338 3845 430 3899 tanta
442 3836 540 3914 seret,
552 3856 617 3901 nec
629 3856 699 3901 non
708 3858 854 3905 onerosa
871 3842 1057 3929 gravisque

169 3942 283 4013 Pelias
300 3943 397 4011 hasta
413 3953 523 4027 potest
538 3942 740 4009 imbellibus
749 3962 826 4011 esse
842 3944 991 4024 lacertis,
1070 3959 1072 3962 ’
1158 3992 1162 4000 -
1226 3995 1233 4005 .
