2709 4325
119 242 146 301 11.
158 244 215 316 ια]
316 291 319 299 i
383 240 387 247 ’
436 232 566 299 Palace
589 233 638 319 os
651 231 709 299 the
732 230 820 299 Sua.
1112 250 1157 321 19

115 430 327 514 terrarumque
343 428 485 504 orbern,
504 429 721 515 caelumque,
738 431 830 515 quod
847 392 1005 495 imminet
1019 426 1105 495 orbi.

113 533 266 599 caeruleos
282 534 397 601 habet
412 535 508 601 unda
524 535 620 611 deos,
638 535 786 601 Tritona·
800 555 979 611 canorum,

110 634 281 726 Proteaque
299 640 533 729 ambiguum,
544 642 839 727 balaenarumque
855 650 1068 727 prementem

108 740 281 831 Aegaeona
299 748 378 813 suis
395 747 561 813 immania
575 757 676 835 terga
692 746 841 823 lacertis,
1122 778 1155 820 ro

107 846 291 940 Doridaque
310 864 346 919 et
363 865 487 930 natas;
511 875 657 941 quarum
674 874 756 939 pars
772 872 855 918 nare
871 852 1017 933 videtur,

106 976 172 1039 pars
187 957 221 1022 in
238 961 335 1025 mole
353 961 482 1027 sedens
498 959 667 1027 virides
641 980 773 1025 siccare
789 960 947 1046 capillos,

105 1060 186 1145 pisce
200 1064 283 1129 vehi
300 1066 501 1152 quaedam:
526 1065 633 1133 facies
650 1086 720 1131 non
737 1065 896 1131 omnibus
911 1086 995 1144 una,

105 1188 160 1231 nec
174 1136 312 1241 diversa
329 1183 465 1247 tamen,
482 1173 619 1259 qualem
635 1172 736 1237 decet
751 1192 827 1238 esse
843 1193 1010 1239 sororum

105 1283 183 1339 terra
198 1277 291 1345 viros
309 1280 487 1365 urbesque
503 1278 605 1366 gerit,
623 1277 795 1384 silvasque
811 1279 981 1369 serasque,
1122 1308 1153 1366 ις

106 1378 307 1471 fluminaque
325 1396 362 1451 et
366 1386 551 1507 nymphas
567 1394 601 1449 et
616 1395 731 1451 cetera
747 1386 889 1451 numina
904 1388 1006 1452 ruris.

107 1486 184 1553 haec
199 1512 305 1577 super
321 1463 486 1614 imposita
502 1501 553 1556 est
568 1491 657 1557 caeli
674 1491 862 1580 fulgentis
852 1512 983 1580 imago,

108 1592 266 1683 signaque
283 1620 351 1665 sex
367 1582 497 1664 solibus
513 1594 654 1675 dextris,
671 1599 880 1686 totidemque
894 1598 1051 1665 sinistris.

148 1700 224 1788 Quo
241 1705 350 1771 simul
366 1703 498 1771 acclivo
514 1703 723 1793 Clymeneia
737 1706 844 1771 limite
860 1705 975 1792 proles

107 1808 202 1885 venit,
221 1818 255 1877 et
270 1810 412 1877 intravit
428 1810 569 1877 dubitati
584 1822 674 1878 tecta
691 1812 856 1898 parentis,
1120 1840 1156 1883 ro

108 1916 252 1997 protinus
270 1918 318 1985 ad
334 1918 463 2005 patrios
479 1939 543 1984 sua
557 1918 622 1985 sert
636 1918 786 2008 vestigia
801 1920 929 1997 vultus,

110 2021 323 2113 consistitque
340 2024 481 2110 procul=
505 2046 617 2112 neque
634 2025 727 2092 enim
743 2023 904 2112 propiora
918 2024 1051 2091 terebat
1153 2080 1156 2087 .

30 2128 31 2137 ’
109 2125 244 2196 lumina.
296 2129 475 2218 Purpurea
489 2132 624 2199 velatus
639 2143 735 2200 veste
751 2132 894 2199 sedebat

110 2230 142 2298 in
156 2237 238 2306 solio
253 2237 419 2306 Phoebus
435 2239 538 2305 claris
554 2240 689 2306 lucente
706 2230 913 2327 sm'a‘r'a'gdis.

111 2341 259 2412 adextra
276 2346 448 2432 laevaque
462 2346 547 2413 Dies
564 2357 599 2412 et
612 2345 746 2413 Mensis
761 2357 796 2414 et
810 2345 936 2414 Annus
1122 2371 1157 2434 ις

113 2445 323 2542 Saeculaque
338 2463 373 2518 et
389 2452 518 2538 positae
534 2453 652 2539 spatiis
668 2453 871 2540 aequalibus
887 2452 1020 2530 Horae,

111 2553 241 2648 Verque
258 2581 389 2628 novum
404 2560 516 2625 stabat
530 2559 680 2626 cinctum
695 2558 838 2625 florente
853 2579 1001 2634 corona3

114 2669 213 2738 stabat
227 2671 325 2738 nuda
339 2667 467 2734 Aestas
483 2677 517 2732 et
531 2665 648 2753 spicea
664 2676 763 2732 serta:
771 2665 934 2753 gerebat3

113 2775 213 2844 stabat
227 2788 263 2844 et
276 2775 509 2852 Auctumnus‚
528 2771 669 2839 calcatis
686 2771 956 2863 sordidus-avim

114 2889 142 2944 et
155 2884 311 2970 glacialis
330 2883 492 2967 Hiemps,
511 2900 616 2946 canos
633 2879 764 2944 hirsuta
781 2872 938 2963 capillos.
1123 2907 1159 2964 30

151 2987 233 3058 lude
249 2992 328 3056 loco
345 2989 494 3066 uredine,
511 3007 626 3054 rerum
642 2985 791 3089 novitate
807 2994 990 3070 paventem

114 3089 165 3162 Sol
179 3097 318 3164 oculis‘
304 3117 481 3186 juvenem,
498 3095 624 3184 quibus
641 3091 763 3177 aspicit
778 3090 907 3167 omnia,
924 3090 1029 3157 vidit:

114 3201 250 3292 ‘Qae'
261 3213 352 3290 que‘
364 3202 442 3267 viae
452 3202 510 3268 tibi
524 3198 651 3268 causa?
663 3198 747 3299 quid
757 3197 842 3262 hac'
855 3196 902 3262 ait
916 3207 925 3238 ⁶
938 3217 1018 3262 arce
1030 3194 1156 3283 petisti,

113 3293 301 3400 progenies
319 3309 514 3386 Phaethon,
532 3307 637 3372 haud
641 3286 823 3371 infitianda
837 3301 1011 3388 parentii’

111 3413 161 3484 ille
176 3418 303 3484 ι·.ειειι.
325 3413 384 3480 ‘O
399 3415 484 3478 lux'
475 3435 621 3480 inmensi
612 3411 777 3498 publica
793 3408 926 3485 mundi,
1124 3435 1158 3493 35

112 3519 245 3591 Phoebe
261 3533 386 3608 pater,
393 3541 421 3584 sr
411 3519 498 3586 das
515 3519 616 3608 hujus
633 3517 718 3582 mihi
733 3515 883 3580 nominis
898 3534 1014 3589 usum,

112 3648 168 3694 nec
183 3629 274 3692 falsa
290 3624 463 3710 Clymene
479 3623 617 3706 culpam
635 3619 723 3685 sub
714 3617 868 3702 rmagine
885 3615 995 3680 celat

112 3735 253 3821 pignora
270 3731 329 3804 da,
348 3727 494 3815 genitor,
513 3747 574 3811 per
590 3743 679 3809 quae
695 3733 754 3784 tua
769 3740 852 3784 vera
869 3708 1030 3841 propagq

113 3841 241 3912 credar,
262 3846 295 3900 et
311 3835 405 3897 hunc
422 3831 543 3924 animis
560 3847 711 3893 errorem
727 3823 867 3888 detrahe
884 3813 1030 3882 nostris!

152 3944 311 4012 Dixerat
358 3935 417 4000 Αι
425 3917 559 4022 genitor
575 3931 704 4013 circum
720 3933 825 4008 caput
838 3939 940 3986 omne
957 3883 1122 3978 micantes
