2709 4325
203 286 249 354 90
492 263 685 331 ¹Philemon
710 263 784 328 and
803 261 949 329 Baucis.
1113 276 1263 348 [Mamur.

205 460 373 528 candidus
389 461 423 526 in
442 459 554 526 medio
570 461 668 525 savus
686 470 749 525 est.
798 458 912 546 Super
927 457 1045 524 omnia
1059 457 1175 523 vultus
1242 477 1245 482 ·

205 589 383 634 accessere
399 567 494 642 boni,
513 588 578 632 nec
593 566 686 631 iners
702 587 901 652 pauperque
917 563 1087 630 voluntas.

207 690 224 708 ‘¹
250 674 385 739 Interea
401 673 523 739 totiens
540 675 701 766 haustum
718 672 849 738 cratera
865 670 990 757 repleri

206 791 325 866 sponte
343 800 418 856 sua,
437 801 498 866 per
514 800 619 865 seque
635 779 753 843 vident
769 798 987 843 succrescere
1003 776 1097 842 vina·
1208 792 1265 847 680

206 886 337 952 attoniti
354 886 500 951 novitate
517 895 657 970 pavent,
675 885 902 970 manibusque
919 882 1050 968 supinis

206 992 403 1078 concipiunt
418 991 614 1078 Baucisque
631 1011 753 1077 preces
768 990 976 1076 timidusque
991 988 1189 1068 Philemon,

206 1109 240 1164 et
255 1099 392 1166 veniam
410 1098 555 1182 dapibus
573 1097 744 1183 nullisque
760 1097 936 1181 paratibus
952 1105 1061 1160 orant.
1136 1114 1139 1119 ·

250 1204 384 1270 Unicus
401 1225 502 1269 anser
518 1213 602 1278 erat,
621 1203 784 1267 minimae
802 1203 955 1267 custodia
970 1201 1086 1277 villae,

205 1331 308 1396 quem
326 1309 377 1375 dis
394 1309 585 1394 hospitibus
601 1308 731 1373 domini
747 1317 898 1372 mactare
914 1307 1094 1393 parabant.
1207 1325 1262 1395 685

205 1417 263 1481 ille
280 1416 372 1481 celer
387 1435 502 1501 penna
517 1415 633 1480 tardos
650 1424 761 1479 aetate
776 1401 911 1501 fatigat,

206 1522 379 1607 eluditque
395 1521 468 1596 diu,
485 1519 694 1606 tandemque
711 1529 763 1584 est
777 1519 871 1585 visus
887 1519 933 1585 ad
947 1519 1041 1605 ipsos
1067 1561 1071 1566 ι

206 1627 403 1715 confugisse
420 1627 515 1693 deos.
564 1625 690 1712 Superi
706 1638 845 1692 vetuere
861 1625 999 1691 necari:

208 1733 295 1799 ‘Di’
310 1756 377 1820 que
395 1745 404 1775 ⁶
418 1755 549 1809 sumus,
569 1735 775 1820 meritasque
791 1734 862 1798 luet
877 1733 1004 1799 vicinia
1021 1753 1152 1820 poenas

205 1839 331 1926 impia'
346 1840 526 1915 dixerunt3
554 1839 673 1906 ‘vobis
689 1840 900 1906 immunibus
917 1840 1018 1929 hujus
1205 1857 1262 1929 690

206 1967 282 2013 esse
300 1947 381 2012 mali
398 1947 553 2013 dabitur:
579 1948 682 2014 modo
697 1958 810 2014 vestra
827 1947 1006 2034 relinquite
1021 1943 1124 2024 te'cta,

207 2073 247 2118 ac
264 2064 396 2119 nostros
414 2054 571 2119 comitate
589 2054 732 2141 gradus,
749 2065 783 2145 et
799 2054 834 2118 in
851 2055 959 2120 ardua
975 2054 1100 2120 montis

205 2158 250 2226 ite
267 2159 394 2225 simul'
438 2159 566 2225 Parent
582 2159 698 2237 ambo,
715 2146 915 2249 bac'ulisque
932 2161 1034 2228 levati

206 2266 357 2331 nituntur
372 2266 478 2353 longo
494 2267 640 2361 vestigia
655 2289 784 2352 ponere
801 2268 902 2334 clivo.

249 2372 403 2437 Tantum
420 2374 562 2438 aberant
578 2395 727 2450 summo,
745 2386 910 2470 quantum
928 2376 1034 2442 semel
1049 2376 1100 2441 ire
1116 2376 1245 2465 sagitta

206 2478 311 2544 missa
328 2489 458 2565 potest:
482 2479 611 2545 flexere
628 2481 760 2555 oculos,
779 2491 812 2546 et
828 2485 940 2547 mersa
958 2485 1084 2569 palude
1164 2497 1168 2502 ’

52 2661 55 2671 Δ
100 2636 103 2686 J
141 2638 157 2659 ,,
206 2596 319 2650 cetera
336 2585 558 2670 prospiciunt,
578 2597 710 2649 tantum
726 2607 788 2651 sua
804 2597 892 2652 tecta
909 2610 1062 2654 manere.

205 2691 356 2777 dumque
373 2712 414 2756 ea
430 2692 609 2767 mirantur,
627 2692 709 2757 dum
726 2692 853 2758 deflent
869 2694 938 2759 fata
954 2716 1107 2771 suorum,

205 2796 265 2861 illa
280 2809 390 2872 vetus,
409 2797 555 2861 dominis
572 2797 674 2861 etiam
692 2818 773 2864 casa
789 2820 896 2885 parva
913 2801 1047 2867 duobus

204 2903 344 2967 vertitur
359 2902 395 2967 in
412 2903 576 2988 templum
590 2925 598 2977 ;
623 2904 737 2969 furcas
754 2906 887 2971 subiere
904 2909 1106 2981 columnae3

205 3008 368 3090 stramina
384 3007 585 3085 flavescunt,
605 3022 792 3097 aurataque
806 3023 896 3101 tecta
911 3014 1080 3082 videntur.

205 3113 427 3199 caelataeque
443 3114 547 3188 sores,
567 3116 799 3202 adopertaque
816 3138 986 3185 marmore
1002 3120 1117 3184 tellus.

249 3218 353 3283 Talia
368 3229 439 3283 turn
456 3218 593 3303 placido
609 3219 791 3287 Saturnius
807 3224 912 3289 edidit
927 3245 1007 3290 ore:

207 3334 216 3365 ‘
231 3322 358 3399 Dicite,
373 3324 463 3411 juste
480 3345 600 3399 senem
619 3336 653 3390 et
668 3326 795 3391 femina
813 3330 960 3417 conjuge
972 3330 1064 3418 justo

204 3428 326 3516 digna,
343 3428 425 3515 quid
441 3430 587 3514 optetis!
612 3508 616 3517 Ι
633 3430 724 3497 Cum
741 3432 896 3500 Baucide
912 3458 1023 3521 pauca
1039 3438 1186 3516 loeutus,

201 3533 368 3621 judicium
386 3535 517 3619 superis
534 3530 642 3621 ap'er'it
658 3558 841 3604 commune
856 3540 1059 3609 Philemon=

207 3638 316 3704 ‘Esse
332 3641 539 3715 sacerdotes,
559 3642 770 3729 delubraque
784 3649 1000 3713 vestratueri
1070 3677 1073 3681 ⁴

205 3746 398 3831 poscimus;
423 3756 457 3810 et
471 3746 634 3832 quoniam
650 3750 839 3815 concordes
855 3754 991 3840 egimus
1007 3776 1130 3829 annos,

107 3920 110 3926 ,
184 3879 191 3893 ¹
206 3851 337 3915 auferat
353 3853 437 3916 hora
454 3851 540 3916 duos
556 3846 775 3926 eadem‚·nec
791 3858 948 3945 conjugis
964 3882 1128 3946 umquam
1172 3848 1175 3851 ⁴

204 3958 303 4021 busta
320 3977 418 4022 meae
434 3958 584 4033 videam,
602 3978 670 4022 neu
687 3959 751 4023 sim
768 3964 989 4029 tumulandus
1006 3966 1151 4053 Qua?
1173 4010 1187 4037 :
1206 3999 1258 4052 710
1272 3978 1333 4047 {1⁴22ss
