2709 4325
190 276 235 341 62
415 275 451 345 T
444 276 487 344 lte
510 275 600 344 Sons
624 278 672 363 of
684 275 801 344 Niobe
822 298 887 342 are
908 254 1013 342 slar'n.
1096 296 1250 368 [ΜΕΤΑΜ.

183 489 187 503 ’
236 472 425 563 Adjectura
440 494 560 560 preces
577 484 650 539 erat
665 473 719 539 his
735 472 876 539 Latona
887 473 1025 540 relatis:

190 580 323 647 Desrire
338 580 499 645 Phoebus
516 580 582 654 ait3
600 586 739 666 poenae
753 601 853 644 irrora
868 580 975 667 longa
986 582 1148 667 querella
1165 590 1229 648 cst.

191 686 277 773 dixit
292 687 383 752 idem
399 685 561 759 Phoebe;
586 685 757 772 celerique
773 706 835 771 per
850 692 931 751 aera
948 686 1048 771 lapsu
1182 674 1185 678 ’

191 793 405 881 contigerant
419 789 498 856 tecti
515 789 708 856 Cadmeida
726 790 873 856 nubibus
890 811 1017 857 arcem.

161 953 165 964 ,
191 900 316 985 planus
331 909 403 967 erat
417 898 553 984 lateque
570 908 692 983 patens
709 918 816 982 prope
831 897 969 962 moenia
986 918 1144 984 campus,

192 1006 344 1072 adsiduis
360 1006 513 1091 pulsatus
531 1003 641 1089 equis,
660 1002 719 1091 ubi
735 1004 834 1068 turba
851 1012 1003 1069 rotarum
1096 1053 1098 1056 -

191 1112 346 1199 duraque
361 1110 529 1177 mollierat
545 1109 717 1198 subjectas
732 1110 865 1197 ungula
882 1109 1016 1198 glebas.
1191 1144 1249 1185 220

236 1218 322 1285 Pars
338 1218 384 1283 ibi
402 1219 444 1284 de
461 1227 591 1303 septem
609 1215 735 1305 genitis
750 1213 949 1303 Amphione
966 1216 1069 1304 fortes

192 1324 425 1391 conscendunt
440 1325 476 1388 in
491 1345 610 1411 equos,
627 1322 805 1411 Tyrioque
821 1323 978 1389 rubentia
994 1345 1077 1391 suco

190 1442 289 1520 terga
305 1440 475 1516 premunt,
494 1450 645 1516 auroque
661 1450 787 1518 graves
804 1429 1024 1496 moderantur
1040 1432 1220 1498 habenasr

120 1592 125 1605 .
191 1539 349 1625 equibus
365 1536 533 1613 Ismenos,
550 1536 609 1623 qui
625 1535 725 1601 matri
741 1536 877 1603 sarcina
893 1538 1068 1624 quondam
1112 1524 1116 1528 ’

190 1646 300 1731 prima
317 1665 400 1711 suae
416 1642 538 1719 fuerat,
557 1644 638 1709 dum
655 1655 786 1709 certum
801 1642 906 1710 flectit
921 1643 957 1709 in
973 1645 1092 1711 orbem
1190 1675 1246 1733 225

190 1750 421 1840 quadrupedis
437 1748 568 1826 cursus,
586 1750 850 1837 spumantiaque
866 1771 926 1817 ora
943 1744 1089 1828 co'e‘rcet,

188 1857 243 1925 Ei
254 1856 361 1923 mihi!
384 1857 590 1937 conclamat,
610 1856 792 1943 medioque
809 1856 844 1921 in
860 1867 999 1942 pectore
1015 1858 1101 1923 fixa·

188 1965 257 2030 tela
273 1962 374 2052 gerit,
391 1963 565 2049 frenisque
582 1984 686 2027 manu
703 1962 869 2029 moriente
884 1963 1050 2040 remissis,

188 2070 224 2135 iu
241 2072 329 2136 latus
345 2090 366 2135 a
383 2070 503 2135 dextro
519 2069 685 2155 paulatim
702 2069 820 2135 defluit
836 2090 945 2136 armo.

234 2177 430 2253 Proximus,
450 2177 565 2243 audito
582 2177 693 2243 sonitu
711 2199 773 2264 per
787 2177 891 2244 inane
906 2179 1103 2264 pharetrae,
1191 2212 1247 2267 230

61 2299 67 2312 ·
189 2286 286 2351 irena
302 2284 407 2350 dabat
421 2282 587 2371 Sipylus:
611 2283 716 2350 veluti
733 2305 813 2350 cum
829 2285 1005 2370 praescius
1021 2283 1140 2352 imbris

190 2392 281 2457 nube
297 2390 386 2480 fugit
400 2391 489 2467 visa,
507 2389 762 2477 pendentiaque
777 2391 929 2478 undique
946 2401 1057 2458 rector

189 2497 334 2564 carbasa
350 2496 499 2574 deducit,
519 2518 562 2562 ne
579 2518 647 2584 qua
662 2497 750 2562 levis
765 2497 882 2564 effluat
898 2517 994 2563 aura.

188 2606 285 2671 frena
301 2605 425 2670 dabat:
451 2606 590 2670 dautem
606 2625 676 2670 non
692 2603 852 2670 evitabile
867 2596 974 2670 telum

188 2711 425 2800 consequitur3
451 2731 653 2799 summaque
668 2720 820 2776 tremens
836 2711 971 2792 cervice
987 2710 1113 2800 sagitta
1189 2743 1241 2802 233

188 2819 310 2896 haesit,
328 2829 362 2885 et
377 2819 534 2884 exstabat
549 2818 681 2883 nudum
697 2817 740 2883 de
757 2827 893 2906 gutture
909 2817 1050 2884 sermm.

186 2925 257 3002 ille,
275 2935 312 2990 ut
328 2935 400 2991 erat
414 2947 556 3011 pronus,
574 2945 637 3011 per
652 2943 753 3034 qrura
770 2923 921 2990 admissa
934 2925 1104 3016 jubasque

186 3031 344 3108 volvitur,
363 3043 396 3098 et
412 3031 525 3098 calido
540 3031 699 3097 tellurem
715 3031 886 3120 sanguine
901 3031 1028 3097 foedat.
1126 3107 1129 3110 ,

231 3135 442 3203 Phaedimus
457 3135 578 3200 infelix
594 3146 628 3201 et
643 3135 723 3201 aviti
739 3135 887 3202 nominis
903 3135 1003 3202 heres

186 3240 368 3319 Tantalus,
386 3251 423 3306 ut
439 3241 537 3307 solito
554 3242 659 3306 finem
674 3241 870 3327 imposuere
883 3239 1008 3318 labori,
1186 3275 1240 3329 24⁰

186 3349 390 3415 transierant
406 3346 450 3413 ad
466 3369 554 3433 opus
569 3347 698 3413 nitidae
710 3347 863 3435 juvenile
879 3349 1093 3435 palaestrae:

188 3466 221 3521 et
232 3455 310 3544 jam·
322 3456 537 3521 contulerant
553 3465 625 3521 arto
642 3454 805 3521 luctantia
822 3475 914 3521 nexu

187 3574 325 3649 pectora
342 3563 557 3648 pectoribus3
583 3582 660 3628 cum
678 3571 770 3627 tento
787 3562 920 3628 concita
936 3583 1056 3639 nervo,
1158 3635 1163 3642 ,

188 3669 274 3736 sicut
288 3679 386 3736 erant
397 3669 520 3760 juncti,
537 3670 669 3759 trajecit
685 3680 867 3757 utrumque
883 3668 1018 3758 sagitta.
1044 3741 1047 3744 ,
1143 3683 1162 3726 .·

186 3777 387 3866 ingemuere
403 3777 525 3854 simul;
551 3778 652 3843 simul
668 3777 846 3842 incurvata
863 3776 980 3843 dolore
1187 3810 1237 3868 245

187 3886 342 3952 membra
358 3886 431 3953 solo
448 3906 613 3970 posuere;
638 3883 741 3950 sirnul
758 3904 919 3968 suprema
931 3883 1087 3972 jacentes
