2709 4325
156 280 220 347 114
475 257 545 324 The
574 255 692 339 Chr‘ess
715 265 754 321 at
783 255 890 343 Troy.
1058 271 1208 343 [Meam.

153 465 290 541 totaque
307 453 467 518 Peliacae
484 451 655 518 sternebat
671 450 823 536 cuspidis
839 451 909 515 ictu

154 560 440 648 agmiua‚perque
452 558 543 623 acies
555 555 1212 644 autCygnumaut-Hectoraquaerens,

199 665 431 752 Congreditur
447 663 595 750 Cygno:
621 663 795 728 decimum
813 662 938 727 dilatus
955 663 990 726 in
1006 683 1136 726 annum

155 771 285 837 Hector
301 781 385 835 erat.
433 771 525 836 Tum
543 770 632 835 colla
644 769 732 856 jugo
749 768 933 833 candentia
948 790 1085 853 pressos

154 878 351 943 exhortatus
367 897 488 963 equos,
506 896 643 944 currum
661 873 787 940 direxit
801 874 837 938 in
853 874 1000 951 hostem,

154 983 419 1069 concutiensque
436 982 506 1048 suis
522 981 691 1046 vibrantia
707 983 776 1046 tela
791 981 941 1057 lacertis,

155 1088 346 1176 ‘Quisquis
362 1110 411 1165 es,
428 1088 460 1154 Ο
473 1087 634 1177 juvenis,'
649 1086 736 1153 dixit
753 1087 930 1152 ‘solamen
947 1087 1071 1153 habeto
1172 1104 1209 1156 80

154 1196 284 1273 mortis,
303 1197 346 1261 ab
365 1195 560 1261 Haemonio
575 1195 666 1281 quod
684 1193 731 1259 sis
743 1194 923 1282 jugulatus
938 1193 1103 1259 Achille.'

154 1303 320 1368 hactenus
336 1301 529 1367 Aeacides:
553 1321 673 1366 vocem
691 1301 807 1388 gravis
824 1301 923 1366 hasta
938 1311 1056 1366 secuta
1066 1310 1135 1366 est.

154 1411 215 1475 sed
231 1430 440 1496 quamquam
458 1418 551 1473 certa
566 1407 681 1472 nullus
697 1406 760 1471 suit
775 1428 870 1473 error
884 1407 920 1472 in
937 1408 1048 1483 hasta,

153 1516 201 1581 nil
218 1526 332 1580 tamen
350 1515 466 1580 emissi
482 1513 625 1600 profecit
642 1513 801 1578 acumine
818 1513 910 1589 serri,

88 1618 89 1622 ’
153 1632 257 1710 utque
274 1621 385 1687 hebeti
402 1633 520 1707 pectus
537 1621 772 1685 tantummodo
789 1620 942 1686 contudit
957 1619 1035 1686 ictu.
1170 1637 1206 1710 ες

201 1728 317 1794 ‘Nate
334 1730 412 1804 dea,
431 1749 512 1792 nam
528 1737 561 1792 te
578 1726 671 1791 sama
688 1727 956 1812 praenovimus,’
973 1726 1082 1814 inquit

153 1835 225 1912 ille,
245 1835 351 1922 ‘quid
368 1855 388 1899 a
405 1834 503 1900 nobis
519 1835 645 1898 vulnus
662 1832 795 1898 miraris
811 1831 956 1898 abesse?
969 1833 978 1862 '
990 1871 1035 1882 -

153 1942 365 2007 mirabantur
382 1941 473 2005 enim
486 1977 531 1990 -
546 1951 556 1980 ⁶
571 1939 653 2005 Non
670 1940 771 2015 haec,
789 1960 894 2026 quarn
911 1940 1038 2016 cernis,
1055 1940 1190 2027 equinis

153 2046 247 2113 sulva
262 2046 353 2134 jubis
369 2046 489 2122 cassis,
507 2066 619 2132 neque
635 2065 723 2111 onus
739 2066 826 2111 cava
842 2067 964 2131 parma
979 2046 1136 2113 sinistrae

154 2152 281 2220 auxilio
299 2151 382 2218 mihi
399 2164 496 2219 sunt:
522 2153 625 2218 decor
641 2164 693 2218 est
707 2153 881 2240 quaesitus
892 2153 942 2219 ab
957 2152 1053 2230 istist
1170 2179 1207 2244 9'0

153 2259 252 2325 Mars
267 2280 404 2346 quoque
420 2260 465 2325 ob
482 2260 547 2326 hoc
560 2279 685 2346 capere
701 2279 797 2325 arma
815 2260 910 2325 solet
956 2260 1207 2328 Removebitur

289 2366 390 2456 hujus

151 2474 314 2563 tegminis
332 2472 504 2539 officium:
527 2483 642 2539 tamen
659 2472 876 2541 indestrictus
892 2476 1006 2542 abibo.
1027 2476 1032 2483 ’

153 2593 204 2649 est
220 2582 362 2669 aliquid,
381 2603 449 2645 non
467 2602 544 2647 esse
561 2592 671 2647 satum
689 2581 854 2659 Nereide,
873 2584 934 2649 sed
950 2585 1009 2672 qui

152 2688 388 2777 Nereaque-et
404 2700 502 2753 natas
518 2698 551 2753 et
566 2698 672 2753 toturn
690 2699 855 2775 temperet
871 2691 1025 2779 aequor),

198 2795 307 2872 Dixit,
326 2806 359 2860 et
375 2796 560 2860 haesurum
578 2794 680 2880 clipei
697 2797 897 2863 curvamine
912 2798 1019 2863 telum
1171 2828 1204 2887 95

153 2902 245 2968 misit
261 2901 296 2966 in
312 2901 505 2977 Aeaciden,
524 2902 615 2988 quod
632 2912 667 2965 et
680 2922 741 2966 aes
756 2915 790 2967 et
805 2904 964 2988 proxima
979 2903 1071 2989 rupit

152 3020 251 3097 terga
268 3028 403 3075 novena
419 3007 537 3082 boum,
553 3007 688 3072 decimo
703 3019 817 3073 tamen
831 3009 916 3075 orbe
926 3021 1097 3077 moratum
1114 3024 1178 3078 est.

154 3114 281 3180 excutit
297 3115 363 3178 hoc
380 3115 493 3189 heros,
512 3125 698 3200 'rursusque
713 3116 893 3179 trementia
909 3115 985 3181 sorti

153 3221 221 3285 tela
237 3240 341 3285 rnanu
356 3220 472 3285 torsit:
497 3241 614 3284 rursus
631 3220 704 3284 sine
720 3221 861 3285 vulnere
878 3242 1002 3307 corpus

154 3325 394 3412 sincerumque
410 3326 492 3400 fuit3
517 3347 582 3391 nec
597 3327 694 3391 tertia
711 3328 825 3412 cuspis
842 3340 997 3412 apertum
1158 3362 1208 3403 roo

154 3443 187 3497 et
202 3454 239 3498 se
256 3433 476 3526 praebentem
494 3431 601 3496 valuit
616 3433 830 3521 destringere
846 3433 1024 3521 Cygnum.

153 3536 247 3600 haud
265 3556 364 3601 secus
381 3535 521 3612 exarsit,
539 3557 642 3623 quarn
660 3536 752 3600 circo
768 3549 884 3602 taurus
901 3549 1033 3623 aperto,

154 3663 233 3708 cum
250 3663 311 3707 sua
328 3642 467 3706 terribili
485 3642 568 3727 petit
583 3641 770 3706 irritamina
782 3664 906 3719 cornu,

154 3748 337 3835 poeniceas
353 3759 478 3823 vestes,
498 3748 660 3833 elusaque
677 3750 820 3813 vulnera
837 3750 954 3815 sensit.

198 3854 294 3919 Num
310 3866 425 3919 tamen
442 3854 607 3918 exciderit
624 3854 764 3929 ferrum,
784 3857 988 3932 considerat,
1007 3858 1152 3925 hastae:
1204 3918 1208 3921 .

154 3961 317 4026 haerebat
332 3961 440 4047 ligno.
490 3958 645 4024 ‘Manus
661 3972 713 4025 est
730 3964 806 4025 mea
822 3962 942 4027 debilis
958 3966 1071 4049 ergo‚J
1104 3954 1108 3958 ’
1266 3942 1274 3949 ”
