<?xml version="1.0" encoding="UTF-8"?>
<!DOCTYPE html PUBLIC "-//W3C//DTD XHTML 1.0 Transitional//EN"
    "http://www.w3.org/TR/xhtml1/DTD/xhtml1-transitional.dtd">
<html xmlns="http://www.w3.org/1999/xhtml" xml:lang="en" lang="en">
 <head>
  <title>
</title>
<meta http-equiv="Content-Type" content="text/html;charset=utf-8" />
  <meta name='ocr-system' content='tesseract 3.04.00' />
  <meta name='ocr-capabilities' content='ocr_page ocr_carea ocr_par ocr_line ocrx_word'/>
</head>
<body>
  <div class='ocr_page' id='page_1' title='image "./publiovidiinaso01allegoog_0184.png"; bbox 0 0 2709 4325; ppageno 0'>
   <div class='ocr_carea' id='block_1_1' title="bbox 162 214 1213 305">
    <p class='ocr_par' dir='ltr' id='par_1_1' title="bbox 162 214 1213 305">
     <span class='ocr_line' id='line_1_1' title="bbox 162 214 1213 305; baseline 0.005 -22"><span class='ocrx_word' id='word_1_1' title='bbox 162 214 227 284; x_wconf 85' lang='lat'><strong>168</strong></span> <span class='ocrx_word' id='word_1_2' title='bbox 533 215 684 284; x_wconf 67' lang='lat' dir='ltr'><strong>§horter</strong></span> <span class='ocrx_word' id='word_1_3' title='bbox 705 218 841 285; x_wconf 79' lang='lat' dir='ltr'><strong>Poems.</strong></span> <span class='ocrx_word' id='word_1_4' title='bbox 1056 231 1213 305; x_wconf 78' lang='lat' dir='ltr'><strong>[Auoaas.</strong></span> 
     </span>
    </p>
   </div>
   <div class='ocr_carea' id='block_1_2' title="bbox 58 414 868 491">
    <p class='ocr_par' dir='ltr' id='par_1_2' title="bbox 58 414 868 491">
     <span class='ocr_line' id='line_1_2' title="bbox 58 414 868 491; baseline 0.001 -12"><span class='ocrx_word' id='word_1_5' title='bbox 58 444 60 449; x_wconf 92' lang='lat'>·</span> <span class='ocrx_word' id='word_1_6' title='bbox 160 414 269 480; x_wconf 90' lang='lat' dir='ltr'><strong>Plena</strong></span> <span class='ocrx_word' id='word_1_7' title='bbox 286 415 347 480; x_wconf 85' lang='lat' dir='ltr'><strong>fuit</strong></span> <span class='ocrx_word' id='word_1_8' title='bbox 362 415 459 482; x_wconf 89' lang='lat' dir='ltr'><strong>vobis</strong></span> <span class='ocrx_word' id='word_1_9' title='bbox 475 414 567 480; x_wconf 92' lang='lat' dir='ltr'><strong>omni</strong></span> <span class='ocrx_word' id='word_1_10' title='bbox 585 416 769 481; x_wconf 90' lang='lat' dir='ltr'><strong>concordia</strong></span> <span class='ocrx_word' id='word_1_11' title='bbox 784 415 868 491; x_wconf 89' lang='lat' dir='ltr'><strong>vita,</strong></span> 
     </span>
    </p>
   </div>
   <div class='ocr_carea' id='block_1_3' title="bbox 161 520 1212 1141">
    <p class='ocr_par' dir='ltr' id='par_1_3' title="bbox 205 520 960 609">
     <span class='ocr_line' id='line_1_3' title="bbox 205 520 960 609; baseline 0 -24"><span class='ocrx_word' id='word_1_12' title='bbox 205 520 250 587; x_wconf 91' lang='lat' dir='ltr'><strong>Et</strong></span> <span class='ocrx_word' id='word_1_13' title='bbox 266 523 355 586; x_wconf 91' lang='lat' dir='ltr'><strong>stetit</strong></span> <span class='ocrx_word' id='word_1_14' title='bbox 371 523 414 586; x_wconf 91' lang='lat' dir='ltr'><strong>ad</strong></span> <span class='ocrx_word' id='word_1_15' title='bbox 431 523 535 586; x_wconf 85' lang='lat' dir='ltr'><strong>finem</strong></span> <span class='ocrx_word' id='word_1_16' title='bbox 553 523 657 609; x_wconf 91' lang='lat' dir='ltr'><strong>longa</strong></span> <span class='ocrx_word' id='word_1_17' title='bbox 674 534 846 608; x_wconf 86' lang='lat' dir='ltr'><strong>tenaxque</strong></span> <span class='ocrx_word' id='word_1_18' title='bbox 862 523 960 588; x_wconf 88' lang='lat' dir='ltr'><strong>fides.</strong></span> 
     </span>
    </p>

    <p class='ocr_par' dir='ltr' id='par_1_4' title="bbox 162 627 1212 819">
     <span class='ocr_line' id='line_1_4' title="bbox 162 627 1212 716; baseline 0.004 -24"><span class='ocrx_word' id='word_1_19' title='bbox 162 627 267 713; x_wconf 70' lang='lat' dir='ltr'><strong>Quod</strong></span> <span class='ocrx_word' id='word_1_20' title='bbox 283 629 344 692; x_wconf 85' lang='lat' dir='ltr'><strong>fuit</strong></span> <span class='ocrx_word' id='word_1_21' title='bbox 359 627 527 716; x_wconf 86' lang='lat' dir='ltr'><strong>Argolico</strong></span> <span class='ocrx_word' id='word_1_22' title='bbox 538 628 675 716; x_wconf 92' lang='lat' dir='ltr'><strong>juvenis</strong></span> <span class='ocrx_word' id='word_1_23' title='bbox 692 628 851 694; x_wconf 89' lang='lat' dir='ltr'><strong>Phoceus</strong></span> <span class='ocrx_word' id='word_1_24' title='bbox 868 628 1026 705; x_wconf 79' lang='lat' dir='ltr'><strong>Orestae,</strong></span> <span class='ocrx_word' id='word_1_25' title='bbox 1153 684 1160 694; x_wconf 90' lang='lat'>.</span> <span class='ocrx_word' id='word_1_26' title='bbox 1181 655 1212 712; x_wconf 80' lang='grc' dir='ltr'><strong>ις</strong></span> 
     </span>
     <span class='ocr_line' id='line_1_5' title="bbox 207 734 997 819; baseline 0 -21"><span class='ocrx_word' id='word_1_27' title='bbox 207 734 284 800; x_wconf 92' lang='lat' dir='ltr'><strong>Hoc</strong></span> <span class='ocrx_word' id='word_1_28' title='bbox 300 734 373 810; x_wconf 94' lang='lat' dir='ltr'><strong>tibi,</strong></span> <span class='ocrx_word' id='word_1_29' title='bbox 392 736 474 799; x_wconf 92' lang='lat' dir='ltr'><strong>dum</strong></span> <span class='ocrx_word' id='word_1_30' title='bbox 491 735 597 808; x_wconf 92' lang='lat' dir='ltr'><strong>licuit,</strong></span> <span class='ocrx_word' id='word_1_31' title='bbox 616 735 771 819; x_wconf 90' lang='lat' dir='ltr'><strong>psittace,</strong></span> <span class='ocrx_word' id='word_1_32' title='bbox 789 745 897 800; x_wconf 90' lang='lat' dir='ltr'><strong>turtur</strong></span> <span class='ocrx_word' id='word_1_33' title='bbox 913 745 997 801; x_wconf 89' lang='lat' dir='ltr'><strong>erat.</strong></span> 
     </span>
    </p>

    <p class='ocr_par' dir='ltr' id='par_1_5' title="bbox 162 839 1047 1034">
     <span class='ocr_line' id='line_1_6' title="bbox 162 839 1047 927; baseline 0.002 -23"><span class='ocrx_word' id='word_1_34' title='bbox 162 839 256 924; x_wconf 81' lang='lat' dir='ltr'><strong>Qrid</strong></span> <span class='ocrx_word' id='word_1_35' title='bbox 273 851 387 905; x_wconf 90' lang='lat' dir='ltr'><strong>tamen</strong></span> <span class='ocrx_word' id='word_1_36' title='bbox 404 841 468 906; x_wconf 91' lang='lat' dir='ltr'><strong>ista</strong></span> <span class='ocrx_word' id='word_1_37' title='bbox 485 841 582 916; x_wconf 88' lang='lat' dir='ltr'><strong>fides,</strong></span> <span class='ocrx_word' id='word_1_38' title='bbox 602 841 684 927; x_wconf 92' lang='lat' dir='ltr'><strong>quid</strong></span> <span class='ocrx_word' id='word_1_39' title='bbox 701 841 769 905; x_wconf 88' lang='lat' dir='ltr'><strong>rari</strong></span> <span class='ocrx_word' id='word_1_40' title='bbox 785 841 895 907; x_wconf 90' lang='lat' dir='ltr'><strong>forma</strong></span> <span class='ocrx_word' id='word_1_41' title='bbox 912 842 1047 916; x_wconf 89' lang='lat' dir='ltr'><strong>coloris,</strong></span> 
     </span>
     <span class='ocr_line' id='line_1_7' title="bbox 206 945 893 1034; baseline 0.007 -25"><span class='ocrx_word' id='word_1_42' title='bbox 206 945 300 1032; x_wconf 71' lang='lat' dir='ltr'><strong>Quid</strong></span> <span class='ocrx_word' id='word_1_43' title='bbox 317 969 385 1011; x_wconf 93' lang='lat' dir='ltr'><strong>vox</strong></span> <span class='ocrx_word' id='word_1_44' title='bbox 402 946 573 1012; x_wconf 86' lang='lat' dir='ltr'><strong>mutandis</strong></span> <span class='ocrx_word' id='word_1_45' title='bbox 590 945 771 1034; x_wconf 89' lang='lat' dir='ltr'><strong>ingeniosa</strong></span> <span class='ocrx_word' id='word_1_46' title='bbox 787 948 893 1025; x_wconf 91' lang='lat' dir='ltr'><strong>sonis,</strong></span> 
     </span>
    </p>

    <p class='ocr_par' dir='ltr' id='par_1_6' title="bbox 161 1051 1131 1141">
     <span class='ocr_line' id='line_1_8' title="bbox 161 1051 1131 1141; baseline 0.002 -25"><span class='ocrx_word' id='word_1_47' title='bbox 161 1052 255 1138; x_wconf 74' lang='lat' dir='ltr'><strong>Quid</strong></span> <span class='ocrx_word' id='word_1_48' title='bbox 268 1053 377 1141; x_wconf 90' lang='lat' dir='ltr'><strong>juvat,</strong></span> <span class='ocrx_word' id='word_1_49' title='bbox 396 1065 432 1117; x_wconf 95' lang='lat' dir='ltr'><strong>ut</strong></span> <span class='ocrx_word' id='word_1_50' title='bbox 448 1054 546 1118; x_wconf 91' lang='lat' dir='ltr'><strong>datus</strong></span> <span class='ocrx_word' id='word_1_51' title='bbox 563 1074 613 1128; x_wconf 90' lang='lat' dir='ltr'><strong>es,</strong></span> <span class='ocrx_word' id='word_1_52' title='bbox 631 1065 767 1119; x_wconf 89' lang='lat' dir='ltr'><strong>nostrae</strong></span> <span class='ocrx_word' id='word_1_53' title='bbox 784 1055 954 1140; x_wconf 88' lang='lat' dir='ltr'><strong>placuisse</strong></span> <span class='ocrx_word' id='word_1_54' title='bbox 970 1051 1131 1140; x_wconf 78' lang='lat' dir='ltr'><strong>puellae?</strong></span> 
     </span>
    </p>
   </div>
   <div class='ocr_carea' id='block_1_4' title="bbox 205 1158 1317 1250">
    <p class='ocr_par' dir='ltr' id='par_1_7' title="bbox 205 1158 1317 1250">
     <span class='ocr_line' id='line_1_9' title="bbox 205 1158 1317 1250; baseline 0.007 -27"><span class='ocrx_word' id='word_1_55' title='bbox 205 1158 329 1224; x_wconf 79' lang='lat' dir='ltr'><strong>Infelix</strong></span> <span class='ocrx_word' id='word_1_56' title='bbox 347 1159 460 1226; x_wconf 82' lang='lat' dir='ltr'><strong>avium</strong></span> <span class='ocrx_word' id='word_1_57' title='bbox 478 1160 602 1247; x_wconf 88' lang='lat' dir='ltr'><strong>gloria,</strong></span> <span class='ocrx_word' id='word_1_58' title='bbox 622 1182 747 1246; x_wconf 86' lang='lat' dir='ltr'><strong>nempe</strong></span> <span class='ocrx_word' id='word_1_59' title='bbox 760 1161 869 1250; x_wconf 85' lang='lat' dir='ltr'><strong>jaces.</strong></span> <span class='ocrx_word' id='word_1_60' title='bbox 1178 1191 1214 1230; x_wconf 87' lang='lat'><strong>20</strong></span> <span class='ocrx_word' id='word_1_61' title='bbox 1312 1199 1317 1205; x_wconf 89' lang='lat'><strong>·</strong></span> 
     </span>
    </p>
   </div>
   <div class='ocr_carea' id='block_1_5' title="bbox 158 1265 1213 3380">
    <p class='ocr_par' dir='ltr' id='par_1_8' title="bbox 158 1265 1103 1460">
     <span class='ocr_line' id='line_1_10' title="bbox 158 1265 1103 1354; baseline 0.002 -24"><span class='ocrx_word' id='word_1_62' title='bbox 158 1266 215 1330; x_wconf 89' lang='lat' dir='ltr'><strong>Tu</strong></span> <span class='ocrx_word' id='word_1_63' title='bbox 233 1277 368 1350; x_wconf 90' lang='lat' dir='ltr'><strong>poteras</strong></span> <span class='ocrx_word' id='word_1_64' title='bbox 385 1265 526 1353; x_wconf 85' lang='lat' dir='ltr'><strong>fragiles</strong></span> <span class='ocrx_word' id='word_1_65' title='bbox 543 1266 656 1351; x_wconf 91' lang='lat' dir='ltr'><strong>pinnis</strong></span> <span class='ocrx_word' id='word_1_66' title='bbox 673 1268 836 1334; x_wconf 87' lang='lat' dir='ltr'><strong>hebetare</strong></span> <span class='ocrx_word' id='word_1_67' title='bbox 853 1267 1073 1354; x_wconf 87' lang='lat' dir='ltr'><strong>zmaragdos,</strong></span> <span class='ocrx_word' id='word_1_68' title='bbox 1100 1287 1103 1292; x_wconf 87' lang='lat'>·</span> 
     </span>
     <span class='ocr_line' id='line_1_11' title="bbox 203 1371 990 1460; baseline 0.003 -25"><span class='ocrx_word' id='word_1_69' title='bbox 203 1372 328 1436; x_wconf 90' lang='lat' dir='ltr'><strong>Tincta</strong></span> <span class='ocrx_word' id='word_1_70' title='bbox 345 1393 471 1460; x_wconf 86' lang='lat' dir='ltr'><strong>gerens</strong></span> <span class='ocrx_word' id='word_1_71' title='bbox 487 1373 589 1438; x_wconf 86' lang='lat' dir='ltr'><strong>rubro</strong></span> <span class='ocrx_word' id='word_1_72' title='bbox 606 1371 738 1440; x_wconf 83' lang='lat' dir='ltr'><strong>Punic&#39;a</strong></span> <span class='ocrx_word' id='word_1_73' title='bbox 754 1385 861 1440; x_wconf 90' lang='lat' dir='ltr'><strong>rostra</strong></span> <span class='ocrx_word' id='word_1_74' title='bbox 878 1395 990 1440; x_wconf 89' lang='lat' dir='ltr'><strong>croco.</strong></span> 
     </span>
    </p>

    <p class='ocr_par' dir='ltr' id='par_1_9' title="bbox 159 1478 966 1653">
     <span class='ocr_line' id='line_1_12' title="bbox 159 1478 966 1550; baseline -0.001 -6"><span class='ocrx_word' id='word_1_75' title='bbox 159 1478 241 1544; x_wconf 93' lang='lat' dir='ltr'><strong>Non</strong></span> <span class='ocrx_word' id='word_1_76' title='bbox 258 1478 321 1550; x_wconf 82' lang='lat' dir='ltr'><strong>suit</strong></span> <span class='ocrx_word' id='word_1_77' title='bbox 336 1478 485 1543; x_wconf 90' lang='lat' dir='ltr'><strong>interris</strong></span> <span class='ocrx_word' id='word_1_78' title='bbox 501 1501 625 1544; x_wconf 89' lang='lat' dir='ltr'><strong>vocum</strong></span> <span class='ocrx_word' id='word_1_79' title='bbox 643 1481 857 1546; x_wconf 86' lang='lat' dir='ltr'><strong>simulantior</strong></span> <span class='ocrx_word' id='word_1_80' title='bbox 873 1481 966 1545; x_wconf 84' lang='lat' dir='ltr'><strong>ales:</strong></span> 
     </span>
     <span class='ocr_line' id='line_1_13' title="bbox 205 1584 951 1653; baseline 0.001 -4"><span class='ocrx_word' id='word_1_81' title='bbox 205 1584 392 1650; x_wconf 89' lang='lat' dir='ltr'><strong>Reddebas</strong></span> <span class='ocrx_word' id='word_1_82' title='bbox 409 1586 526 1651; x_wconf 89' lang='lat' dir='ltr'><strong>blaeso</strong></span> <span class='ocrx_word' id='word_1_83' title='bbox 543 1597 612 1651; x_wconf 90' lang='lat' dir='ltr'><strong>tam</strong></span> <span class='ocrx_word' id='word_1_84' title='bbox 629 1587 718 1652; x_wconf 88' lang='lat' dir='ltr'><strong>bene</strong></span> <span class='ocrx_word' id='word_1_85' title='bbox 734 1588 839 1652; x_wconf 89' lang='lat' dir='ltr'><strong>verba</strong></span> <span class='ocrx_word' id='word_1_86' title='bbox 855 1608 951 1653; x_wconf 88' lang='lat' dir='ltr'><strong>sono.</strong></span> 
     </span>
    </p>

    <p class='ocr_par' dir='ltr' id='par_1_10' title="bbox 160 1691 1213 1886">
     <span class='ocr_line' id='line_1_14' title="bbox 160 1691 1213 1777; baseline 0.005 -22"><span class='ocrx_word' id='word_1_87' title='bbox 160 1691 295 1777; x_wconf 88' lang='lat' dir='ltr'><strong>Raptus</strong></span> <span class='ocrx_word' id='word_1_88' title='bbox 312 1714 349 1756; x_wconf 93' lang='lat' dir='ltr'><strong>es</strong></span> <span class='ocrx_word' id='word_1_89' title='bbox 366 1691 515 1756; x_wconf 90' lang='lat' dir='ltr'><strong>invidia:</strong></span> <span class='ocrx_word' id='word_1_90' title='bbox 542 1716 610 1759; x_wconf 91' lang='lat' dir='ltr'><strong>non</strong></span> <span class='ocrx_word' id='word_1_91' title='bbox 626 1704 662 1758; x_wconf 92' lang='lat' dir='ltr'><strong>tu</strong></span> <span class='ocrx_word' id='word_1_92' title='bbox 679 1694 751 1758; x_wconf 84' lang='lat' dir='ltr'><strong>fera</strong></span> <span class='ocrx_word' id='word_1_93' title='bbox 768 1694 858 1758; x_wconf 92' lang='lat' dir='ltr'><strong>bella</strong></span> <span class='ocrx_word' id='word_1_94' title='bbox 875 1692 1061 1767; x_wconf 84' lang='lat' dir='ltr'><strong>movebas;</strong></span> <span class='ocrx_word' id='word_1_95' title='bbox 1179 1719 1213 1776; x_wconf 80' lang='lat'><strong>25</strong></span> 
     </span>
     <span class='ocr_line' id='line_1_15' title="bbox 206 1796 961 1886; baseline 0.003 -25"><span class='ocrx_word' id='word_1_96' title='bbox 206 1796 373 1863; x_wconf 87' lang='lat' dir='ltr'><strong>Garrulus</strong></span> <span class='ocrx_word' id='word_1_97' title='bbox 390 1810 423 1864; x_wconf 90' lang='lat' dir='ltr'><strong>et</strong></span> <span class='ocrx_word' id='word_1_98' title='bbox 439 1799 596 1884; x_wconf 89' lang='lat' dir='ltr'><strong>placidae</strong></span> <span class='ocrx_word' id='word_1_99' title='bbox 613 1800 708 1886; x_wconf 89' lang='lat' dir='ltr'><strong>pacis</strong></span> <span class='ocrx_word' id='word_1_100' title='bbox 726 1813 856 1865; x_wconf 89' lang='lat' dir='ltr'><strong>amator</strong></span> <span class='ocrx_word' id='word_1_101' title='bbox 871 1820 961 1864; x_wconf 90' lang='lat' dir='ltr'><strong>eras.</strong></span> 
     </span>
    </p>

    <p class='ocr_par' dir='ltr' id='par_1_11' title="bbox 160 1903 952 2100">
     <span class='ocr_line' id='line_1_16' title="bbox 160 1903 952 1992; baseline 0 -22"><span class='ocrx_word' id='word_1_102' title='bbox 160 1903 266 1980; x_wconf 88' lang='lat' dir='ltr'><strong>Ecce,</strong></span> <span class='ocrx_word' id='word_1_103' title='bbox 285 1905 476 1971; x_wconf 89' lang='lat' dir='ltr'><strong>coturnices</strong></span> <span class='ocrx_word' id='word_1_104' title='bbox 493 1907 580 1971; x_wconf 90' lang='lat' dir='ltr'><strong>inter</strong></span> <span class='ocrx_word' id='word_1_105' title='bbox 596 1928 658 1972; x_wconf 89' lang='lat' dir='ltr'><strong>sua</strong></span> <span class='ocrx_word' id='word_1_106' title='bbox 675 1907 805 1992; x_wconf 90' lang='lat' dir='ltr'><strong>proelia</strong></span> <span class='ocrx_word' id='word_1_107' title='bbox 821 1905 952 1982; x_wconf 89' lang='lat' dir='ltr'><strong>vivunt,</strong></span> 
     </span>
     <span class='ocr_line' id='line_1_17' title="bbox 205 2003 933 2100; baseline 0 -22"><span class='ocrx_word' id='word_1_108' title='bbox 205 2003 362 2078; x_wconf 80' lang='lat' dir='ltr'><strong>Forsitan</strong></span> <span class='ocrx_word' id='word_1_109' title='bbox 380 2025 413 2076; x_wconf 89' lang='lat' dir='ltr'><strong>et</strong></span> <span class='ocrx_word' id='word_1_110' title='bbox 428 2014 512 2078; x_wconf 90' lang='lat' dir='ltr'><strong>fiant</strong></span> <span class='ocrx_word' id='word_1_111' title='bbox 527 2013 606 2079; x_wconf 89' lang='lat' dir='ltr'><strong>inde</strong></span> <span class='ocrx_word' id='word_1_112' title='bbox 622 2014 817 2100; x_wconf 85' lang='lat' dir='ltr'><strong>frequenter</strong></span> <span class='ocrx_word' id='word_1_113' title='bbox 834 2033 933 2078; x_wconf 82' lang='lat' dir='ltr'><strong>anus.</strong></span> 
     </span>
    </p>

    <p class='ocr_par' dir='ltr' id='par_1_12' title="bbox 160 2117 1068 2314">
     <span class='ocr_line' id='line_1_18' title="bbox 160 2117 1068 2207; baseline 0.001 -24"><span class='ocrx_word' id='word_1_114' title='bbox 160 2117 288 2185; x_wconf 89' lang='lat' dir='ltr'><strong>Plenus</strong></span> <span class='ocrx_word' id='word_1_115' title='bbox 306 2140 381 2187; x_wconf 90' lang='lat' dir='ltr'><strong>eras</strong></span> <span class='ocrx_word' id='word_1_116' title='bbox 398 2119 561 2187; x_wconf 90' lang='lat' dir='ltr'><strong>minimo:</strong></span> <span class='ocrx_word' id='word_1_117' title='bbox 587 2141 651 2186; x_wconf 91' lang='lat' dir='ltr'><strong>nec</strong></span> <span class='ocrx_word' id='word_1_118' title='bbox 667 2142 750 2207; x_wconf 89' lang='lat' dir='ltr'><strong>prae</strong></span> <span class='ocrx_word' id='word_1_119' title='bbox 766 2119 932 2187; x_wconf 89' lang='lat' dir='ltr'><strong>sermonis</strong></span> <span class='ocrx_word' id='word_1_120' title='bbox 949 2137 1068 2185; x_wconf 84' lang='lat' dir='ltr'><strong>amore</strong></span> 
     </span>
     <span class='ocr_line' id='line_1_19' title="bbox 206 2225 883 2314; baseline 0 -24"><span class='ocrx_word' id='word_1_121' title='bbox 206 2225 246 2290; x_wconf 93' lang='lat' dir='ltr'><strong>In</strong></span> <span class='ocrx_word' id='word_1_122' title='bbox 264 2228 388 2293; x_wconf 89' lang='lat' dir='ltr'><strong>multos</strong></span> <span class='ocrx_word' id='word_1_123' title='bbox 405 2241 540 2314; x_wconf 89' lang='lat' dir='ltr'><strong>poteras</strong></span> <span class='ocrx_word' id='word_1_124' title='bbox 556 2249 616 2294; x_wconf 91' lang='lat' dir='ltr'><strong>ora</strong></span> <span class='ocrx_word' id='word_1_125' title='bbox 633 2249 759 2293; x_wconf 89' lang='lat' dir='ltr'><strong>vacare</strong></span> <span class='ocrx_word' id='word_1_126' title='bbox 775 2228 883 2294; x_wconf 89' lang='lat' dir='ltr'><strong>cibos.</strong></span> 
     </span>
    </p>

    <p class='ocr_par' dir='ltr' id='par_1_13' title="bbox 160 2331 1062 2529">
     <span class='ocr_line' id='line_1_20' title="bbox 160 2331 1062 2421; baseline -0.004 -22"><span class='ocrx_word' id='word_1_127' title='bbox 160 2332 246 2399; x_wconf 88' lang='lat' dir='ltr'><strong>Nux</strong></span> <span class='ocrx_word' id='word_1_128' title='bbox 262 2345 335 2399; x_wconf 89' lang='lat' dir='ltr'><strong>erat</strong></span> <span class='ocrx_word' id='word_1_129' title='bbox 351 2356 431 2401; x_wconf 90' lang='lat' dir='ltr'><strong>esca</strong></span> <span class='ocrx_word' id='word_1_130' title='bbox 448 2335 519 2411; x_wconf 92' lang='lat' dir='ltr'><strong>tibi,</strong></span> <span class='ocrx_word' id='word_1_131' title='bbox 539 2356 732 2421; x_wconf 87' lang='lat' dir='ltr'><strong>causaeque</strong></span> <span class='ocrx_word' id='word_1_132' title='bbox 749 2354 922 2420; x_wconf 90' lang='lat' dir='ltr'><strong>papavera</strong></span> <span class='ocrx_word' id='word_1_133' title='bbox 939 2331 1062 2406; x_wconf 88' lang='lat' dir='ltr'><strong>somni,</strong></span> 
     </span>
     <span class='ocr_line' id='line_1_21' title="bbox 206 2439 969 2529; baseline -0.003 -24"><span class='ocrx_word' id='word_1_134' title='bbox 206 2439 432 2529; x_wconf 87' lang='lat' dir='ltr'><strong>Pellebatque</strong></span> <span class='ocrx_word' id='word_1_135' title='bbox 445 2441 534 2506; x_wconf 91' lang='lat' dir='ltr'><strong>sitim</strong></span> <span class='ocrx_word' id='word_1_136' title='bbox 551 2442 716 2527; x_wconf 91' lang='lat' dir='ltr'><strong>simplicis</strong></span> <span class='ocrx_word' id='word_1_137' title='bbox 732 2462 830 2505; x_wconf 90' lang='lat' dir='ltr'><strong>umor</strong></span> <span class='ocrx_word' id='word_1_138' title='bbox 847 2460 969 2527; x_wconf 91' lang='lat' dir='ltr'><strong>aquae.</strong></span> 
     </span>
    </p>

    <p class='ocr_par' dir='ltr' id='par_1_14' title="bbox 161 2546 1043 2742">
     <span class='ocr_line' id='line_1_22' title="bbox 161 2546 1043 2633; baseline -0.001 -22"><span class='ocrx_word' id='word_1_139' title='bbox 161 2546 264 2613; x_wconf 88' lang='lat' dir='ltr'><strong>Vivet</strong></span> <span class='ocrx_word' id='word_1_140' title='bbox 280 2550 370 2614; x_wconf 87' lang='lat' dir='ltr'><strong>edax</strong></span> <span class='ocrx_word' id='word_1_141' title='bbox 387 2549 509 2624; x_wconf 89' lang='lat' dir='ltr'><strong>vultur,</strong></span> <span class='ocrx_word' id='word_1_142' title='bbox 527 2550 724 2633; x_wconf 89' lang='lat' dir='ltr'><strong>ducensque</strong></span> <span class='ocrx_word' id='word_1_143' title='bbox 741 2568 801 2633; x_wconf 92' lang='lat' dir='ltr'><strong>per</strong></span> <span class='ocrx_word' id='word_1_144' title='bbox 817 2551 898 2611; x_wconf 73' lang='lat' dir='ltr'><strong>aera</strong></span> <span class='ocrx_word' id='word_1_145' title='bbox 915 2566 1021 2633; x_wconf 85' lang='lat' dir='ltr'><strong>gyros</strong></span> <span class='ocrx_word' id='word_1_146' title='bbox 1040 2563 1043 2568; x_wconf 57' lang='lat'><strong>⁴</strong></span> 
     </span>
     <span class='ocr_line' id='line_1_23' title="bbox 208 2655 1020 2742; baseline -0.002 -23"><span class='ocrx_word' id='word_1_147' title='bbox 208 2656 351 2733; x_wconf 90' lang='lat' dir='ltr'><strong>Miluus,</strong></span> <span class='ocrx_word' id='word_1_148' title='bbox 371 2668 403 2721; x_wconf 90' lang='lat' dir='ltr'><strong>et</strong></span> <span class='ocrx_word' id='word_1_149' title='bbox 420 2656 557 2741; x_wconf 89' lang='lat' dir='ltr'><strong>pluviae</strong></span> <span class='ocrx_word' id='word_1_150' title='bbox 574 2655 738 2742; x_wconf 85' lang='lat' dir='ltr'><strong>graculus</strong></span> <span class='ocrx_word' id='word_1_151' title='bbox 755 2665 872 2718; x_wconf 91' lang='lat' dir='ltr'><strong>auctor</strong></span> <span class='ocrx_word' id='word_1_152' title='bbox 889 2674 1020 2740; x_wconf 72' lang='lat' dir='ltr'><strong>aquae,</strong></span> 
     </span>
    </p>

    <p class='ocr_par' dir='ltr' id='par_1_15' title="bbox 161 2759 985 2957">
     <span class='ocr_line' id='line_1_24' title="bbox 161 2759 985 2835; baseline -0.004 -7"><span class='ocrx_word' id='word_1_153' title='bbox 161 2760 264 2828; x_wconf 90' lang='lat' dir='ltr'><strong>Vivet</strong></span> <span class='ocrx_word' id='word_1_154' title='bbox 280 2774 313 2828; x_wconf 92' lang='lat' dir='ltr'><strong>et</strong></span> <span class='ocrx_word' id='word_1_155' title='bbox 329 2764 510 2829; x_wconf 87' lang='lat' dir='ltr'><strong>armiferae</strong></span> <span class='ocrx_word' id='word_1_156' title='bbox 527 2760 648 2827; x_wconf 85' lang='lat' dir='ltr'><strong>cornix</strong></span> <span class='ocrx_word' id='word_1_157' title='bbox 664 2759 773 2825; x_wconf 92' lang='lat' dir='ltr'><strong>invisa</strong></span> <span class='ocrx_word' id='word_1_158' title='bbox 790 2759 985 2835; x_wconf 90' lang='lat' dir='ltr'><strong>Minervae,</strong></span> 
     </span>
     <span class='ocr_line' id='line_1_25' title="bbox 208 2867 972 2957; baseline -0.008 -23"><span class='ocrx_word' id='word_1_159' title='bbox 208 2870 272 2935; x_wconf 91' lang='lat' dir='ltr'><strong>Illa</strong></span> <span class='ocrx_word' id='word_1_160' title='bbox 288 2872 426 2957; x_wconf 93' lang='lat' dir='ltr'><strong>quidem</strong></span> <span class='ocrx_word' id='word_1_161' title='bbox 443 2870 566 2936; x_wconf 89' lang='lat' dir='ltr'><strong>saeclis</strong></span> <span class='ocrx_word' id='word_1_162' title='bbox 583 2868 642 2933; x_wconf 92' lang='lat' dir='ltr'><strong>vix</strong></span> <span class='ocrx_word' id='word_1_163' title='bbox 659 2867 821 2931; x_wconf 86' lang='lat' dir='ltr'><strong>moritura</strong></span> <span class='ocrx_word' id='word_1_164' title='bbox 836 2886 972 2932; x_wconf 87' lang='lat' dir='ltr'><strong>novem.</strong></span> 
     </span>
    </p>

    <p class='ocr_par' dir='ltr' id='par_1_16' title="bbox 164 2972 1009 3158">
     <span class='ocr_line' id='line_1_26' title="bbox 164 2972 982 3065; baseline -0.005 -24"><span class='ocrx_word' id='word_1_165' title='bbox 164 2972 300 3041; x_wconf 90' lang='lat' dir='ltr'><strong>Occidit</strong></span> <span class='ocrx_word' id='word_1_166' title='bbox 315 2978 372 3043; x_wconf 91' lang='lat' dir='ltr'><strong>ille</strong></span> <span class='ocrx_word' id='word_1_167' title='bbox 388 2979 529 3065; x_wconf 86' lang='lat' dir='ltr'><strong>loquax,</strong></span> <span class='ocrx_word' id='word_1_168' title='bbox 549 2978 723 3041; x_wconf 88' lang='lat' dir='ltr'><strong>humanae</strong></span> <span class='ocrx_word' id='word_1_169' title='bbox 740 2973 833 3039; x_wconf 87' lang='lat' dir='ltr'><strong>vocis</strong></span> <span class='ocrx_word' id='word_1_170' title='bbox 850 2973 982 3060; x_wconf 83' lang='lat' dir='ltr'><strong>imago,</strong></span> 
     </span>
     <span class='ocr_line' id='line_1_27' title="bbox 209 3080 1009 3158; baseline -0.008 -11"><span class='ocrx_word' id='word_1_171' title='bbox 209 3081 390 3158; x_wconf 88' lang='lat' dir='ltr'><strong>Psittacus,</strong></span> <span class='ocrx_word' id='word_1_172' title='bbox 409 3098 561 3149; x_wconf 91' lang='lat' dir='ltr'><strong>extremo</strong></span> <span class='ocrx_word' id='word_1_173' title='bbox 579 3103 703 3147; x_wconf 89' lang='lat' dir='ltr'><strong>munus</strong></span> <span class='ocrx_word' id='word_1_174' title='bbox 721 3081 765 3146; x_wconf 92' lang='lat' dir='ltr'><strong>ab</strong></span> <span class='ocrx_word' id='word_1_175' title='bbox 781 3081 863 3145; x_wconf 88' lang='lat' dir='ltr'><strong>orbe</strong></span> <span class='ocrx_word' id='word_1_176' title='bbox 880 3080 1009 3146; x_wconf 89' lang='lat' dir='ltr'><strong>datum.</strong></span> 
     </span>
    </p>

    <p class='ocr_par' dir='ltr' id='par_1_17' title="bbox 164 3182 1037 3380">
     <span class='ocr_line' id='line_1_28' title="bbox 164 3182 1037 3274; baseline -0.003 -22"><span class='ocrx_word' id='word_1_177' title='bbox 164 3182 304 3273; x_wconf 86' lang='lat' dir='ltr'><strong>Optima</strong></span> <span class='ocrx_word' id='word_1_178' title='bbox 321 3189 431 3274; x_wconf 88' lang='lat' dir='ltr'><strong>prima</strong></span> <span class='ocrx_word' id='word_1_179' title='bbox 447 3190 517 3254; x_wconf 89' lang='lat' dir='ltr'><strong>sere</strong></span> <span class='ocrx_word' id='word_1_180' title='bbox 536 3190 693 3254; x_wconf 91' lang='lat' dir='ltr'><strong>manibus</strong></span> <span class='ocrx_word' id='word_1_181' title='bbox 710 3186 888 3272; x_wconf 89' lang='lat' dir='ltr'><strong>rapiuntur</strong></span> <span class='ocrx_word' id='word_1_182' title='bbox 904 3185 1037 3259; x_wconf 81' lang='lat' dir='ltr'><strong>avaris3</strong></span> 
     </span>
     <span class='ocr_line' id='line_1_29' title="bbox 210 3294 907 3380; baseline 0.003 -21"><span class='ocrx_word' id='word_1_183' title='bbox 210 3295 400 3380; x_wconf 90' lang='lat' dir='ltr'><strong>Implentur</strong></span> <span class='ocrx_word' id='word_1_184' title='bbox 416 3297 567 3361; x_wconf 86' lang='lat' dir='ltr'><strong>numeris</strong></span> <span class='ocrx_word' id='word_1_185' title='bbox 584 3297 752 3361; x_wconf 88' lang='lat' dir='ltr'><strong>deteriora</strong></span> <span class='ocrx_word' id='word_1_186' title='bbox 768 3294 849 3361; x_wconf 85' lang='lat' dir='ltr'><strong>suis.</strong></span> <span class='ocrx_word' id='word_1_187' title='bbox 905 3332 907 3336; x_wconf 32' lang='grc' dir='ltr'><em>ν</em></span> 
     </span>
    </p>
   </div>
   <div class='ocr_carea' id='block_1_6' title="bbox 164 3387 1076 4023">
    <p class='ocr_par' dir='ltr' id='par_1_18' title="bbox 164 3387 1012 3596">
     <span class='ocr_line' id='line_1_30' title="bbox 164 3387 974 3496; baseline -0.002 -32"><span class='ocrx_word' id='word_1_188' title='bbox 164 3400 293 3467; x_wconf 89' lang='lat' dir='ltr'><strong>Tristia</strong></span> <span class='ocrx_word' id='word_1_189' title='bbox 309 3402 522 3490; x_wconf 90' lang='lat' dir='ltr'><strong>Phylacidae</strong></span> <span class='ocrx_word' id='word_1_190' title='bbox 538 3404 717 3496; x_wconf 86' lang='lat' dir='ltr'><strong>Thersites</strong></span> <span class='ocrx_word' id='word_1_191' title='bbox 733 3387 974 3469; x_wconf 33' lang='lat' dir='ltr'><strong>funera&#39;vidit:</strong></span> 
     </span>
     <span class='ocr_line' id='line_1_31' title="bbox 207 3508 1012 3596; baseline -0.004 -24"><span class='ocrx_word' id='word_1_192' title='bbox 207 3508 355 3596; x_wconf 89' lang='lat' dir='ltr'><strong>Jamque</strong></span> <span class='ocrx_word' id='word_1_193' title='bbox 372 3511 470 3587; x_wconf 90' lang='lat' dir='ltr'><strong>cinis,</strong></span> <span class='ocrx_word' id='word_1_194' title='bbox 487 3511 574 3576; x_wconf 90' lang='lat' dir='ltr'><strong>vivis</strong></span> <span class='ocrx_word' id='word_1_195' title='bbox 590 3510 762 3584; x_wconf 88' lang='lat' dir='ltr'><strong>fratribus,</strong></span> <span class='ocrx_word' id='word_1_196' title='bbox 782 3510 912 3574; x_wconf 89' lang='lat' dir='ltr'><strong>Hector</strong></span> <span class='ocrx_word' id='word_1_197' title='bbox 928 3515 1012 3571; x_wconf 86' lang='lat' dir='ltr'><strong>erat.</strong></span> 
     </span>
    </p>

    <p class='ocr_par' dir='ltr' id='par_1_19' title="bbox 168 3612 1044 3815">
     <span class='ocr_line' id='line_1_32' title="bbox 168 3612 1044 3702; baseline -0.003 -24"><span class='ocrx_word' id='word_1_198' title='bbox 168 3612 263 3696; x_wconf 76' lang='lat' dir='ltr'><strong>Quid</strong></span> <span class='ocrx_word' id='word_1_199' title='bbox 279 3616 423 3682; x_wconf 81' lang='lat' dir='ltr'><strong>referam</strong></span> <span class='ocrx_word' id='word_1_200' title='bbox 442 3618 580 3684; x_wconf 90' lang='lat' dir='ltr'><strong>timidae</strong></span> <span class='ocrx_word' id='word_1_201' title='bbox 597 3626 707 3702; x_wconf 89' lang='lat' dir='ltr'><strong>prote</strong></span> <span class='ocrx_word' id='word_1_202' title='bbox 724 3615 782 3700; x_wconf 92' lang='lat' dir='ltr'><strong>pia</strong></span> <span class='ocrx_word' id='word_1_203' title='bbox 796 3626 877 3679; x_wconf 90' lang='lat' dir='ltr'><strong>vota</strong></span> <span class='ocrx_word' id='word_1_204' title='bbox 893 3612 1044 3699; x_wconf 89' lang='lat' dir='ltr'><strong>puellae,</strong></span> 
     </span>
     <span class='ocr_line' id='line_1_33' title="bbox 211 3718 932 3815; baseline -0.003 -30"><span class='ocrx_word' id='word_1_205' title='bbox 211 3720 302 3787; x_wconf 90' lang='lat' dir='ltr'><strong>Vota</strong></span> <span class='ocrx_word' id='word_1_206' title='bbox 319 3724 510 3808; x_wconf 87' lang='lat' dir='ltr'><strong>procelloso</strong></span> <span class='ocrx_word' id='word_1_207' title='bbox 526 3745 587 3815; x_wconf 91' lang='lat' dir='ltr'><strong>per</strong></span> <span class='ocrx_word' id='word_1_208' title='bbox 604 3743 698 3787; x_wconf 90' lang='lat' dir='ltr'><strong>mare</strong></span> <span class='ocrx_word' id='word_1_209' title='bbox 714 3733 813 3806; x_wconf 89' lang='lat' dir='ltr'><strong>rapta</strong></span> <span class='ocrx_word' id='word_1_210' title='bbox 830 3718 932 3786; x_wconf 84' lang='lat' dir='ltr'><strong>noto?</strong></span> 
     </span>
    </p>

    <p class='ocr_par' dir='ltr' id='par_1_20' title="bbox 168 3825 1076 4023">
     <span class='ocr_line' id='line_1_34' title="bbox 168 3825 1076 3915; baseline -0.002 -24"><span class='ocrx_word' id='word_1_211' title='bbox 168 3825 323 3913; x_wconf 89' lang='lat' dir='ltr'><strong>Septima</strong></span> <span class='ocrx_word' id='word_1_212' title='bbox 340 3831 400 3895; x_wconf 90' lang='lat' dir='ltr'><strong>lux</strong></span> <span class='ocrx_word' id='word_1_213' title='bbox 416 3831 547 3903; x_wconf 91' lang='lat' dir='ltr'><strong>aderat,</strong></span> <span class='ocrx_word' id='word_1_214' title='bbox 566 3851 634 3894; x_wconf 90' lang='lat' dir='ltr'><strong>non</strong></span> <span class='ocrx_word' id='word_1_215' title='bbox 652 3828 846 3894; x_wconf 90' lang='lat' dir='ltr'><strong>exhibitura</strong></span> <span class='ocrx_word' id='word_1_216' title='bbox 862 3834 1076 3915; x_wconf 85' lang='lat' dir='ltr'><strong>sequentem,</strong></span> 
     </span>
     <span class='ocr_line' id='line_1_35' title="bbox 214 3932 910 4023; baseline 0.001 -25"><span class='ocrx_word' id='word_1_217' title='bbox 214 3933 258 3999; x_wconf 88' lang='lat' dir='ltr'><strong>Et</strong></span> <span class='ocrx_word' id='word_1_218' title='bbox 274 3938 384 4001; x_wconf 91' lang='lat' dir='ltr'><strong>stabat</strong></span> <span class='ocrx_word' id='word_1_219' title='bbox 395 3957 505 4002; x_wconf 91' lang='lat' dir='ltr'><strong>vacuo</strong></span> <span class='ocrx_word' id='word_1_220' title='bbox 518 3935 592 4023; x_wconf 90' lang='lat' dir='ltr'><strong>jam</strong></span> <span class='ocrx_word' id='word_1_221' title='bbox 607 3934 667 4009; x_wconf 84' lang='lat' dir='ltr'><strong>tibi</strong></span> <span class='ocrx_word' id='word_1_222' title='bbox 684 3932 797 4012; x_wconf 86' lang='lat' dir='ltr'><strong>Parca</strong></span> <span class='ocrx_word' id='word_1_223' title='bbox 812 3933 910 4007; x_wconf 75' lang='lat' dir='ltr'><strong>color</strong></span> 
     </span>
    </p>
   </div>
   <div class='ocr_carea' id='block_1_7' title="bbox 0 0 1360 4325">
    <p class='ocr_par' dir='ltr' id='par_1_21' title="bbox 0 0 1360 4325">
     <span class='ocr_line' id='line_1_36' title="bbox 0 0 1360 4325; baseline 0 0"><span class='ocrx_word' id='word_1_224' title='bbox 0 0 1360 4325; x_wconf 95' lang='lat' dir='ltr'><strong> </strong></span> 
     </span>
    </p>
   </div>
  </div>
 </body>
</html>
