2709 4325
117 227 147 282 Χ.
158 227 223 299 219]
401 212 522 280 Deatlz
545 214 593 300 of
604 211 840 301 Hyacinthus.
1084 229 1148 296 103

116 406 255 474 Phoebus
271 407 330 487 ait,
347 409 521 498 videoque
536 420 646 487 tuum,
664 431 742 476 mea
758 408 915 483 crimina,
933 408 1069 476 vulnus.

115 523 145 577 tu
158 513 246 579 dolor
259 535 310 592 (τε,
328 516 534 605 facinusque
551 539 688 582 meum:
713 536 791 581 mea
807 516 950 581 dextera
966 516 1035 582 leto

114 619 312 689 inscribenda
328 632 390 688 tuo
407 633 478 698 est;
503 643 569 711 ego
586 644 661 689 sum
678 622 738 688 tibi
755 621 886 687 funeris
902 631 1031 688 auctor.

114 745 189 812 quae
203 747 278 793 mea
294 728 401 815 culpa
417 728 555 794 tamen?
578 728 644 794 nisi
661 727 690 793 si
706 727 829 794 lusisse
846 715 962 793 vocari
1098 760 1151 800 200

113 834 200 918 culpa
214 844 339 920 potest,
357 833 424 902 nisi
440 835 543 921 culpa
558 845 668 920 potest
684 844 718 899 et
734 855 869 901 amasse
884 834 1014 901 vocari.

113 949 199 1026 atque
214 939 348 1005 utinam
364 962 427 1026 pro
442 952 476 1007 te
491 941 610 1016 vitam,
629 952 788 1006 tecumve
805 940 923 1006 liceret

112 1044 259 1111 redderel
308 1045 418 1132 Qiod
432 1046 594 1134 quoniam
612 1047 707 1112 fatali
724 1048 805 1136 lege
819 1057 988 1124 tenemur,
1043 1049 1046 1054 ’

113 1173 233 1239 semper
247 1152 318 1220 eris
335 1173 484 1230 mecum,
503 1153 715 1240 memorique
732 1153 890 1220 haerebis
905 1153 941 1218 in
956 1173 1029 1220 ore.

113 1268 139 1323 te
152 1260 221 1346 lyra
236 1261 341 1347 pulsa
357 1281 474 1352 manu,
493 1272 527 1327 te
543 1261 698 1328 carmina
715 1271 830 1326 nostra
846 1260 1038 1334 sonabunt;
1100 1288 1152 1345 203

113 1364 227 1454 flosque
243 1389 356 1435 novus
372 1368 497 1459 scripto
513 1367 661 1456 gemitus
677 1365 856 1432 imitabere
873 1377 1026 1432 nostros:

113 1481 232 1560 tempus
248 1486 283 1543 et
297 1474 384 1541 illud
401 1474 475 1553 erit,
493 1495 562 1562 quo
578 1495 616 1540 se
632 1473 835 1540 fortissimus
851 1474 954 1538 heros

114 1580 204 1646 addat
217 1581 253 1649 in
269 1582 365 1648 hunc
380 1581 514 1658 florem,
530 1580 681 1668 folioque
697 1572 835 1667 legatur
848 1578 1008 1645 eodem.''
1101 1581 1106 1590 '

151 1685 273 1753 ‘Talia
289 1689 373 1754 dum
388 1709 470 1754 vero
486 1697 721 1753 memorantur
736 1685 910 1771 Apollinis
926 1705 998 1760 ore,

114 1813 183 1860 ecce
198 1816 310 1873 cruor,
328 1796 387 1883 qui
404 1795 498 1862 susus
514 1797 622 1872 humo
638 1795 837 1882 signaverat
853 1795 1010 1870 herbam,
1101 1825 1154 1864 210

113 1899 224 1967 desinit
239 1922 316 1968 esse
331 1923 445 1978 cruor,
462 1901 640 1989 Tyrioque
656 1900 816 1967 nitentior
830 1910 922 1966 ostro

113 2005 167 2072 flos
180 2007 297 2086 oritur,
314 2008 528 2097 formamque
544 2009 636 2095 capit
651 2028 756 2096 quam
772 2006 857 2082 lilia,
875 2006 904 2072 si
921 2027 992 2072 non

113 2134 294 2201 purpureus
310 2115 403 2181 color
419 2115 485 2194 his,
504 2125 690 2205 argenteus
706 2125 797 2181 esset
812 2114 848 2179 in
864 2113 946 2180 illis.
970 2118 972 2122 ’
992 2190 995 2196 ,

112 2221 267 2287 nonsatis
282 2223 349 2287 hoc
363 2221 504 2289 Phoebo
520 2233 572 2289 est
587 2221 634 2309 (is
651 2222 744 2288 enim
757 2219 819 2286 tuit
835 2232 953 2287 auctor
968 2220 1128 2308 honoris)
1143 2243 1153 2285 t
1264 2298 1272 2308 α

113 2324 178 2410 ipse
194 2348 273 2394 suos
289 2328 438 2417 gemitus
453 2328 543 2395 foliis
557 2328 724 2403 inscribit,
743 2337 777 2392 et
800 2345 840 2391 ar
863 2345 904 2391 nr
1103 2356 1154 2412 215

112 2431 169 2498 flos
184 2433 286 2499 habet
301 2433 515 2521 inscriptum,
531 2435 734 2521 funestaque
751 2433 862 2498 littera
878 2433 982 2498 ducta
998 2441 1062 2497 est.

113 2558 171 2605 nec
185 2539 346 2627 genuisse
361 2540 467 2627 pudet
482 2539 631 2643 Spaqten
649 2539 887 2628 Hyacinthon,
904 2540 1082 2625 honorque

114 2644 206 2712 durat
220 2645 254 2711 in
270 2646 338 2711 hoc
354 2647 453 2723 aevi3
477 2647 754 2733 celebrandaque
771 2666 864 2713 more
880 2645 1033 2738 priorum
1120 2658 1123 2663 ·

115 2752 390 2840 annuapraelata
403 2752 549 2823 redeunt
565 2752 778 2843 Hyacinthia
795 2752 948 2840 pompa.'
1047 2828 1051 2834 ,
1129 2781 1133 2786 ·
