2709 4325
201 223 265 313 164
580 221 730 291 Skorter
751 222 888 290 Poemsi
1060 238 1248 310 [Hsaomrs.

199 420 365 509 Quisquis
383 421 531 487 adhaec
546 419 645 486 vertit
660 420 880 509 peregrinam
896 419 1008 487 littora
1024 419 1182 506 puppim,

243 529 307 594 Ille
323 529 407 594 mihi
423 531 466 594 de
482 540 515 593 te
531 529 638 594 multa
654 539 796 616 rogatus
812 528 903 593 abitz
1212 543 1248 598 60

199 634 384 722 Quamque
400 632 459 700 tibi
476 635 608 711 reddat,
627 634 655 700 si
671 645 706 701 te
722 637 825 700 modo
841 635 963 701 viderit
978 656 1140 722 usquam,

241 742 405 807 Traditur
421 743 501 807 huic
517 741 634 830 digitis
647 743 767 808 charta
783 754 907 808 novata
922 742 1020 808 meis.

196 849 271 916 Nos
288 850 413 937 Pylon,
430 843 557 936 antiqui
576 848 702 916 Neleia
717 849 874 916 Nestoris
890 871 984 925 arva,

226 957 422 1023 Misimus:
447 957 576 1022 incerta
593 968 644 1021 est
660 957 752 1020 fama
769 957 914 1022 remissa
928 955 1028 1044 Pylo.

195 1063 356 1130 Misimus
373 1077 406 1128 et
421 1063 590 1150 Sparten:
616 1062 741 1148 Sparte
755 1084 892 1150 quoque
907 1064 1025 1129 nescia
1039 1064 1125 1130 veri.
1211 1085 1247 1154 ⁶5

242 1169 341 1255 Quas
358 1170 492 1235 habitas
507 1181 628 1246 terras,
648 1182 706 1234 aut
719 1170 778 1234 ubi
795 1170 907 1234 lentus
922 1168 1028 1234 abes?

194 1275 321 1343 Utilius
337 1289 465 1342 starent
481 1277 582 1341 etiam
600 1295 693 1341 nunc
708 1276 845 1342 moenia
862 1275 1006 1342 Phoebi.

240 1383 373 1450 Irascor
388 1383 474 1450 votis
489 1385 559 1448 heu
575 1383 660 1449 levis
676 1383 753 1468 ipse
768 1382 875 1448 meis!

194 1489 327 1558 Scirem
343 1492 402 1557 ubi
420 1508 608 1579 pugnares,
627 1501 660 1555 et
674 1501 805 1555 tantum
821 1491 913 1555 bella
927 1489 1097 1569 timerem,

239 1597 282 1662 Et
299 1603 375 1663 mea
392 1611 470 1663 cum
488 1597 601 1665 multis
615 1596 734 1686 juncta
749 1598 890 1683 querela
906 1598 1003 1663 soret.
1212 1630 1248 1684 70

195 1702 289 1788 Quid
306 1705 458 1782 timeam,
476 1705 619 1792 ignor03
644 1705 749 1770 timeo
763 1716 878 1769 tamen
894 1704 1011 1772 omnia
1026 1705 1184 1784 demens,

237 1811 282 1876 Et
297 1823 389 1898 patet
404 1813 438 1877 in
457 1831 557 1878 curas
573 1830 653 1878 area
670 1811 739 1876 lata
754 1827 861 1876 meas.

193 1914 444 2006 Quaecumque
455 1941 583 2006 aequor
593 1919 708 1994 habet,
719 1935 955 2005 quaecumque
965 1914 1246 2002 periculatellus,
1350 1904 1351 1929 ³

235 2025 325 2089 Tam
342 2027 469 2113 longae
486 2047 609 2091 causas
625 2025 781 2109 suspicor
796 2043 871 2090 esse
887 2021 1015 2090 morae.

193 2130 292 2197 Haec
309 2152 376 2221 ego
392 2134 475 2199 dum
492 2133 591 2199 stulte
608 2143 735 2209 metuo,
753 2149 842 2220 quae
857 2143 971 2198 vestra
987 2130 1092 2199 libido
1108 2144 1173 2211 est,
1209 2161 1246 2221 75

237 2238 323 2305 Esse
340 2241 522 2329 peregri-no
539 2252 660 2327 captus
677 2257 794 2306 amore
810 2250 919 2325 potes.

191 2345 349 2411 Forsitan
366 2358 399 2413 et
415 2370 546 2425 narres,
565 2368 670 2436 quam
686 2347 729 2413 sit
744 2348 804 2412 tibi
821 2348 946 2412 rustica
962 2342 1127 2435 conjunx,
1201 2410 1216 2427 ‚

238 2451 340 2537 Quae
355 2465 486 2520 tantum
503 2456 602 2521 lanas
618 2477 687 2521 non
703 2454 792 2521 sinat
806 2476 883 2520 esse
898 2454 1014 2520 rudes.
1054 2539 1057 2546 Ι

190 2558 320 2638 Fallat,
339 2572 373 2627 et
389 2564 454 2627 hoc
471 2564 601 2629 crimen
617 2575 738 2629 tenues
752 2573 916 2628 vanescat
931 2561 967 2626 in
983 2582 1099 2639 auras,

235 2667 347 2747 Neve,
366 2671 557 2737 revertendi
574 2671 672 2746 liber,
692 2672 812 2736 abesse
828 2666 934 2735 velisl
1061 2695 1065 2703 ·
1208 2690 1245 2745 80

190 2775 252 2841 Me
268 2790 364 2863 pater
380 2777 511 2845 Icarius
527 2780 629 2849 viduo
646 2780 822 2846 discedere
838 2779 937 2845 lecto·

235 2883 350 2973 Cogit,
370 2898 403 2952 et
417 2887 603 2954 immensas
620 2886 776 2974 increpat
790 2906 899 2976 usque
916 2902 1042 2955 moras.

189 2989 349 3078 Increpet
365 3014 472 3082 usque
489 2996 587 3062 licet:
612 3007 671 3062 tua
689 3017 777 3071 sum,
796 3007 854 3063 tua
868 2995 966 3062 dicar
980 3006 1133 3083 oportet;

234 3097 407 3186 Penelope
424 3102 575 3190 conjunx
592 3124 728 3189 semper
743 3103 859 3170 Ulixis
875 3126 946 3171 ero.

188 3201 253 3269 Ille
269 3215 384 3272 tamen
401 3207 525 3292 pietate
542 3227 619 3273 mea
635 3210 864 3298 precibusque
880 3210 1014 3297 pudicis
1191 3216 1242 3301 ἐς

233 3309 430 3399 Frangitur,
448 3324 482 3378 et
496 3314 586 3380 vires
601 3326 769 3402 temperat
783 3319 857 3404 ipse
873 3342 966 3387 suas.

188 3415 340 3483 Dulichii
358 3418 535 3507 Samiique
552 3432 585 3487 et
600 3445 686 3509 quos
702 3426 777 3491 tulit
793 3427 861 3493 alta
877 3428 1090 3516 Zacynthos„

231 3524 350 3590 Turba
366 3537 468 3591 ruunt
483 3527 519 3591 in
536 3548 591 3595 me
608 3530 783 3597 luxuriosa
799 3535 914 3619 proci;

186 3627 296 3716 Inque
313 3642 370 3696 tua
387 3646 546 3721 regnant,
564 3635 666 3701 nullis
685 3639 956 3722 prohibentibus,
977 3642 1078 3709 aulas
1148 3676 1152 3681 ·

229 3734 374 3803 Viscera
391 3749 518 3815 nostra,
537 3751 616 3805 tuae
628 3732 863 3811 'dilacerantur
879 3770 976 3834 opes.
1203 3786 1243 3840 90

187 3839 281 3924 Quid
299 3842 358 3908 tibi
375 3844 579 3911 Pisandrum
597 3846 838 3938 Polybumque
854 3853 1090 3944 Medontaque
1106 3860 1222 3927 dirum

217 3947 510 4050 *Eurymachique
527 3952 645 4020 avidas
660 3954 870 4046 Antinoique
887 3978 1010 4029 manus
