2709 4325
123 241 208 304 xur.
221 244 296 318 345]
356 227 362 242 '
435 239 439 248 ’
538 232 757 300 Philoctetes.
1110 246 1173 318 127

123 419 285 488 crimina:
310 425 456 507 vidistis,
474 429 650 516 pretioque
666 429 800 517 objecta
817 429 991 515 patebant.

3 533 4 538 ’
163 526 242 594 Nec
259 528 496 600 Poeantiaden
512 537 603 622 quod
621 536 725 600 habet
739 535 913 602 Vulcania
929 535 1094 613 Lemnos,

120 655 194 700 esse
210 656 293 702 reus
309 640 440 705 merui:
465 641 593 710 sactum
610 641 783 707 defendite
799 653 973 719 vestrum;

120 741 342 810 consensistis
358 745 462 813 enim,
511 746 548 812 N
550 767 589 812 ec
606 768 662 812 me
677 747 828 813 suasisse
844 751 995 837 negabo,
1122 779 1152 835 31
1157 781 1172 836 ς

3 853 7 932 ζ
118 857 153 912 ut
167 869 206 913 se
223 848 439 918 subtraheret
453 852 602 939 bellique
619 852 764 939 viaeque
779 854 902 931 labori,

117 964 369 1042 temptaretque
385 957 475 1024 seros
491 957 608 1045 requie
626 959 734 1024 lenire
751 960 908 1027 dolores:

117 1061 245 1145 paruit,
263 1072 298 1128 et
313 1063 406 1129 vivit.
454 1063 537 1130 Non
554 1066 640 1130 haec
657 1068 825 1132 sententia
838 1078 973 1134 *tantum

117 1167 199 1243 fida,
219 1167 283 1234 sed
299 1179 334 1234 et
348 1169 452 1245 selix3
477 1191 556 1238 cum
574 1171 617 1237 sit
632 1173 727 1247 satis,
746 1194 822 1239 esse
837 1174 990 1240 fidelem.

117 1295 221 1360 quem
237 1274 513 1361 quoniamvates
529 1276 680 1344 delenda
691 1279 735 1344 ad
752 1277 925 1368 Pergama
941 1290 1099 1368 poscunt,
1120 1312 1172 1367 320

117 1401 158 1446 ne
175 1381 344 1447 mandate
360 1382 465 1450 mihi:
491 1383 613 1450 melius
629 1384 856 1452 Telamonius
871 1387 946 1463 ibit,

117 1487 325 1575 eloquioque
341 1487 452 1554 virum
469 1489 601 1555 morbis
612 1491 731 1578 iraque
748 1491 916 1558 furentem
945 1525 961 1542 ··

116 1593 262 1669 molliet,
280 1605 340 1660 aut
355 1594 470 1682 aliqua
487 1596 652 1681 producet
668 1597 815 1664 callidus
830 1611 915 1665 arte.
970 1631 973 1638 ·

117 1714 195 1766 ante
213 1713 305 1767 retro
322 1699 451 1768 Simois
466 1701 561 1778 fluet,
578 1714 615 1770 ct
628 1703 703 1770 sine
719 1705 896 1771 frondibus
908 1706 979 1772 -Ide
1069 1748 1073 1768 .

117 1807 232 1884 stabit,
252 1818 286 1873 et
301 1808 467 1876 auxilium
483 1808 807 1894 promittetAchaia
823 1811 964 1899 Trojae,
1088 1816 1090 1819 ’
1120 1842 1170 1898 325

115 1935 237 2002 quam,
256 1925 415 1986 cessante
428 1936 516 1982 meo
525 1935 593 2000 pro
603 1915 724 1984 vestris
740 1929 878 2001 pectore
894 1919 1024 1995 rebus„

116 2020 239 2111 Ajacis
257 2021 369 2087 stolidi
387 2021 688 2092 Danaissollertia
702 2022 821 2106 prosit.
882 2063 886 2067 ν
918 2085 921 2090 .

116 2129 262 2199 sislicet
277 2127 420 2199 insertus
434 2127 553 2205 sodis,
571 2127 728 2217 regique,
746 2130 913 2218 mihique,

4 2296 5 2313 ,
115 2237 203 2301 dure
221 2234 432 2303 Philoctete:
457 2235 537 2303 licet
552 2256 745 2312 exsecrere,
764 2258 948 2325 meumque

4 2404 5 2413 ,
116 2344 292 2409 devoveas
309 2342 383 2409 sine
398 2342 467 2411 fine
482 2353 600 2431 caput,
619 2342 805 2429 cupiasque
821 2344 950 2411 dolenti
1120 2377 1172 2431 330

116 2471 173 2515 me
189 2448 252 2514 tibi
268 2449 352 2514 sorte
368 2447 457 2523 dari,
476 2458 698 2534 nostrumque
713 2449 850 2519 haurire
867 2472 1046 2527 cruorem3

115 2566 222 2643 utque
237 2554 288 2621 tui
304 2553 401 2629 mihi,
420 2554 470 2621 sic
483 2554 548 2621 fiat
560 2553 620 2625 tibi
637 2554 736 2639 copia
753 2555 857 2621 nostri
870 2578 879 2620 t

4 2688 5 2691 ¹
114 2672 148 2727 te
165 2673 284 2727 tamen
300 2661 501 2749 aggrediar,
519 2680 724 2747 mecumque
740 2662 904 2729 reducere
920 2662 1030 2738 uitar3

4 2806 5 2821 ι
115 2778 259 2854 tamque
274 2766 341 2833 tuis
356 2766 480 2852 potiar,
498 2766 613 2836 faveat
630 2766 794 2843 Fortuna,
812 2768 959 2856 sagittis,
1040 2828 1059 2836 ,.

4 2904 5 2923 2
116 2892 223 2958 quarn
242 2868 525 2959 sum'Dardanio,
543 2890 646 2957 quern
664 2870 754 2955 cepi,
772 2882 850 2941 vate
865 2872 1010 2957 potitust
1119 2903 1170 2963 335

116 2998 223 3064 quam
234 2960 406 3062 responsa
422 2976 526 3043 deum
541 2978 764 3066 Trojanaque
779 2976 851 3043 sata
864 2978 993 3053 retexi3
1015 3014 1019 3021 ·

116 3105 223 3170 quam
240 3082 339 3169 rapui
355 3082 532 3173 Phrygiae
548 3083 688 3173 signum
704 3085 880 3174 penetrale
895 3084 1078 3155 Minervae

117 3188 274 3265 hostibus
290 3210 310 3255 e
326 3190 460 3257 mediis.
509 3189 554 3255 Et
568 3212 606 3257 se
624 3190 707 3255 mihi
725 3202 901 3275 comparat
916 3189 1032 3278 Aiax?

117 3317 245 3384 nempe
262 3296 340 3382 capi
355 3296 497 3385 Trojam
515 3296 742 3381 prohibebant
757 3297 918 3362 fatasine
934 3297 1012 3363 illis.

4 3386 5 3417 ³
164 3402 300 3469 ‘Fortis
315 3402 376 3469 ubi
391 3414 444 3472 est
456 3400 573 3489 Ajax?
599 3401 657 3466 ubi
674 3413 753 3467 sunt
768 3402 923 3490 ingentia
938 3402 1058 3497 magni
1119 3434 1172 3488 340

4 3502 5 3519 ¹
116 3509 224 3575 verba
240 3506 328 3575 viri?
351 3528 413 3587 cur
428 3509 485 3573 hic
502 3505 645 3573 metuis?
670 3527 732 3579 cur
749 3510 851 3575 audet
867 3509 994 3583 Ulixes

4 3672 5 3703 2
116 3613 167 3681 ire
184 3636 247 3701 per
262 3614 441 3690 excubias,
459 3624 544 3681 etse
560 3610 771 3677 committere
787 3613 900 3679 nocti?

4 3724 5 3727 ’
118 3738 248 3811 perque
263 3721 356 3789 feros
372 3740 472 3793 enses
489 3740 558 3785 nou
574 3727 707 3784 tanturn
722 3719 859 3783 moenia
875 3720 1036 3795 Troum,

117 3849 238 3898 verum
254 3828 358 3895 etiam
374 3845 529 3897 summas
544 3843 641 3905 arces
657 3822 796 3907 intrare,
815 3845 945 3909 suaque

118 3933 251 4021 eripere
268 3933 354 4000 aede
371 3932 485 4007 deam,
502 3940 704 4016 raptamque
720 3928 857 3994 adferre
871 3946 934 4013 per
950 3925 1087 3993 hostes?
1116 3958 1167 4013 345
