2709 4325
122 215 172 270 ΙΙΙ.
194 214 310 286 1514]
423 195 606 263 Farawcll
625 205 660 261 to
683 193 740 260 the
762 191 888 258 Loves.
1106 185 1171 272 169

119 397 188 464 Nec
205 406 322 459 tamen
340 392 469 482 ignavo
485 400 688 478 stupuerunt
702 389 808 453 verba
825 386 960 472 palato:

158 501 334 572 Clamavit
352 501 500 565 moriens
516 499 636 586 lingua
658 495 828 570 Corinna,
845 491 947 558 vale!

119 613 211 680 Colle
228 610 294 676 sub
311 607 431 694 Elysio
448 606 548 694 nigra
564 625 687 669 nemus
703 602 779 666 ilice
797 601 943 675 frondet,

159 719 308 806 Udaque
325 725 491 801 perpetuo
509 713 666 800 gramine
685 724 774 776 terra
791 710 886 775 viret.
1138 741 1172 796 50

16 855 38 920 2·
121 826 222 913 Siqua
239 825 326 890 fides
344 822 469 895 dubiis,
488 821 666 885 volucrum
685 820 781 884 locus
797 819 855 883 ille
871 819 1006 904 piarum

161 933 307 1008 Dicitur,
325 931 496 996 obscenae
513 949 583 1014 quo
599 927 822 1012 prohibentur
839 947 941 992 aves:

122 1040 191 1105 Illic
206 1039 346 1105 innocui
363 1039 430 1102 late
448 1046 635 1126 pascuntur
651 1036 776 1111 olores,

161 1146 204 1212 Et
219 1147 324 1212 vivax
341 1144 503 1231 phoenix,
523 1144 626 1208 unica
644 1165 781 1228 semper
798 1141 892 1217 avis3

16 1313 17 1320 ,
122 1253 279 1339 Explicat
294 1253 370 1338 ipsa
387 1273 467 1318 suas
485 1253 557 1316 ales
569 1251 721 1337 Junonia
738 1250 875 1336 pinnas,
1139 1278 1171 1334 55

163 1356 291 1425 Oscula
307 1359 366 1424 dat
383 1358 508 1444 cupido
525 1358 653 1423 blanda
671 1358 831 1421 columba
850 1355 945 1420 mari.

122 1465 285 1532 Psittacus
302 1467 366 1531 has
383 1465 470 1530 inter
485 1464 651 1529 nemorali
670 1464 753 1528 sede
769 1475 926 1548 receptus

162 1572 339 1639 Convertit
353 1573 512 1636 volucres
528 1571 563 1635 in
581 1591 644 1635 sua
661 1570 768 1636 verba
784 1569 873 1654 pias.

123 1679 205 1745 Ossa
220 1679 307 1767 tegit
323 1679 487 1754 tumulus,
506 1679 657 1742 tumulus
675 1698 738 1762 pro
755 1696 899 1762 corpore
915 1659 1078 1764 magnus,

163 1784 243 1872 Qo
260 1785 349 1869 lapis
366 1785 514 1872 exiguus
532 1806 594 1870 par
610 1783 676 1849 sibi
691 1796 834 1848 carmen
851 1783 977 1848 habett
1136 1799 1172 1852 60

16 1927 17 1946 κ
128 1891 281 1978 Colligor
297 1914 339 1956 aa
355 1894 430 1978 rpso
447 1893 607 1955 doorinae
616 1891 793 1978 placuisse
807 1888 1010 1976 sepulchro:

167 1997 240 2064 Ora
244 2001 359 2085 fuere
374 1998 464 2063 mihi
469 1998 556 2086 plus
573 2019 638 2062 avc
653 1998 753 2083 docta
770 1997 878 2082 loqui.

290 2342 323 2408 3.
348 2321 533 2410 Farewell
551 2330 586 2389 to
609 2320 666 2387 the
689 2319 804 2415 ques
831 2319 898 2410 (iii.
919 2319 996 2406 15).

199 2534 371 2603 UAERE
382 2558 508 2601 novum
518 2544 850 2611 vatem‚tener0rum
862 2542 970 2596 mater
979 2529 1148 2595 Amorum
1161 2528 1170 2595 l

15 2718 16 2729 p
246 2643 394 2708 Raditur
411 2644 467 2708 hic
483 2642 592 2729 elegis
608 2642 729 2705 ultima
746 2651 836 2705 meta
853 2639 959 2704 meis:

15 2756 16 2789 ³
120 2748 216 2835 Qos
234 2772 301 2837 ego
317 2749 508 2835 composui,
527 2747 663 2835 Peligni
681 2746 769 2812 ruris
786 2748 964 2822 alumnus3

160 2855 240 2921 Nec
257 2877 311 2920 me
329 2855 473 2921 deliciae
490 2855 684 2920 dedecuere
701 2874 812 2917 meae.
868 2885 872 2891 ·

15 2954 16 3045 l
120 2961 240 3049 Siquid
257 2964 291 3028 id
309 2973 371 3039 est,
389 2984 498 3049 usque
516 2983 537 3025 a
553 2960 691 3047 proavis
707 2972 803 3026 vetus
820 2959 950 3025 ordinis
966 2959 1080 3035 heres,
1154 2990 1170 3046 ς

15 3066 16 3075 ’
162 3069 244 3134 Non
261 3069 363 3134 modo
381 3068 519 3133 militiae
538 3067 672 3132 turbine
690 3066 799 3131 sactus
817 3088 933 3153 eques.

120 3174 265 3246 Mantua
280 3174 437 3263 Vergilio
455 3175 604 3262 gaudet;
628 3173 770 3239 V'erona
786 3171 945 3239 Catullo:

162 3281 329 3369 Pelignae
345 3282 442 3347 dicar
458 3283 569 3371 gloria
586 3282 699 3371 gentis
715 3303 795 3368 ego,

15 3412 16 3435 i
122 3386 236 3472 Quam
253 3410 317 3455 sua
333 3390 472 3456 libertas
492 3392 536 3457 ad
553 3392 697 3473 honesta
714 3393 875 3475 coegerat
891 3408 1000 3463 arma,

164 3494 250 3560 Cum
268 3495 380 3562 timuit
396 3499 506 3566 socias
524 3499 628 3563 anxia
645 3497 761 3562 Roma
778 3516 912 3559 manus.
1141 3523 1173 3562 10

120 3599 231 3688 Atque
248 3604 372 3692 aliquis
390 3620 549 3693 spectans
567 3607 694 3690 hospes
710 3601 884 3669 Sulmonis
902 3600 1021 3687 aquosi

155 3708 320 3795 Moenia,
338 3735 427 3800 quae
444 3711 558 3797 campi
570 3712 695 3800 jugera
712 3732 824 3796 pauca
839 3719 967 3783 tenent,

124 3814 244 3901 ‘Quae
262 3819 413 3886 tantum’
431 3820 523 3885 dicet
540 3817 718 3903 ‘potuistis
734 3817 823 3882 ferre
839 3828 989 3902 poetam,

166 3925 494 4013 Quantulacumque
512 3923 606 4000 estis,
624 3944 686 3989 vos
703 3944 770 4011 ego
787 3943 916 4011 magna
932 3922 1042 3989 voco.’
