2709 4325
126 230 282 314 utem]
434 216 507 283 Tae
527 216 657 305 Magia
683 216 878 284 Cauldron.

122 429 285 497 aeneaque
303 411 499 502 invergens
513 414 619 500 tepidi
637 413 815 479 carchesia
830 412 943 489 lactis,

119 516 212 579 verba
227 518 332 584 simul
350 522 453 596 fudit,
471 528 677 606 terrenaque
692 518 835 584 numina
852 519 945 592 civit.

116 622 383 713 umbrarumque
395 636 500 714 rogat
515 630 614 711 rapta
631 646 711 691 cum
728 625 876 713 conjuge
892 645 1027 713 regem.

115 747 154 791 ne
166 743 358 814 properent
374 742 467 797 aruns
478 732 593 799 anima
608 731 768 797 fraudare
784 730 898 797 senili.
1117 760 1171 820 230

152 832 251 919 Qus
267 837 331 902 ubi
349 837 518 931 placavit!
530 836 761 924 precibusque
776 847 811 901 et
827 858 1001 905 murmure
1017 837 1137 927 longo.

111 936 255 1007 Aesonis
271 943 441 1009 effoetum
458 942 603 1029 proferri
620 964 745 1027 corpus
760 943 807 1009 ad
823 964 926 1011 auras

108 1044 214 1132 jussit,
234 1059 269 1115 et
284 1049 323 1115 in
341 1050 463 1134 plenos
480 1016 667 1117 resoldiin
685 1048 838 1115 carmine
853 1070 1005 1128 somnos,

111 1153 259 1219 exanimi
273 1155 429 1223 similem
447 1155 559 1221 stratis
576 1153 729 1241 porrexit
744 1154 780 1221 io
797 1156 924 1223 herbis.

112 1257 188 1323 hinc
202 1262 330 1346 procul
343 1261 558 1350 Aesoniden,
572 1261 694 1347 procul
710 1261 791 1328 hinc
804 1263 901 1351 jubet
916 1261 966 1331 ire
979 1261 1164 1339 ministros,

89 1374 142 1459 >et
157 1379 275 1433 monet
291 1367 432 1435 arcanis
447 1367 568 1435 oeulos
584 1387 762 1435 removere
778 1340 951 1454 pridianos.

112 1469 298 1560 diffugiunt
312 1474 420 1562 jussiz
443 1460 563 1559 passis
574 1471 702 1539 Medea
705 1476 866 1597 papillis,
1113 1552 1117 1559 ,

112 1575 216 1644 bacch
243 1592 343 1647 ntum
361 1580 439 1656 ritu,
457 1578 645 1667 flagrantes
662 1580 781 1648 circuit
796 1592 898 1649 aras:
1057 1624 1088 1641 s-

112 1684 203 1764 multi
232 1688 368 1773 dasque
384 1686 480 1757 faces
496 1686 534 1751 in'
546 1686 640 1755 sossa
656 1687 837 1776 sanguinis
853 1699 928 1757 atra
1040 1753 1044 1759 .

113 1773 247 1877 tinguit,
268 1804 303 1858 et
319 1793 479 1857 intinctas
495 1792 644 1880 geminis
661 1795 819 1859 accendit
834 1795 869 1860 in
886 1795 976 1871 aris;
1116 1811 1168 1865 260

112 1907 227 1984 tgrque
244 1920 366 1965 senem
384 1898 538 1975 flamma,
556 1911 607 1983 ter
623 1920 727 1995 ³un
744 1911 795 1988 ter
811 1902 939 1966 sulfure
957 1902 1088 1967 lustrat.
1167 1898 1278 1960 uiis

72 2013 90 2037 ·’
155 2002 293 2071 Interea
309 2004 463 2106 validum
480 2005 590 2090 posito
607 2007 822 2071 medicamen
840 2013 927 2073 aino

113 2106 230 2210 semet,
250 2122 285 2177 et
301 2091 449 2178 exsultat
465 2112 662 2200 spumisque
680 2113 886 2180 tumentibus
903 2115 1004 2181 albet.

114 2215 181 2284 illic
197 2219 397 2284 Haemonia
414 2219 548 2284 radices
564 2220 654 2285 valle
671 2231 822 2287 resectas

116 2325 314 2436 seminapque
330 2307 506 2427 flqresqrie)
517 2333 558 2408 ets¹
567 2308 961 2423 sucosJincoquitjiacres.

116 2431 216 2498 adicit
231 2443 386 2498 extremo
403 2431 536 2521 lapides
554 2432 695 2497 Oriente
713 2434 848 2548 petitos,

116 2549 147 2602 et
160 2560 247 2626 quas
263 2538 399 2604 Oceani
415 2537 559 2602 refluum
577 2560 672 2604 mare
688 2513 771 2603 linuit
787 2560 920 2606 arenas.

116 2645 205 2713 addit
220 2641 255 2712 et
270 2656 435 2731 exceptas
452 2643 533 2708 luna
551 2656 712 2730 pernocte
728 2645 884 2731 pruinae,

117 2762 148 2816 et
161 2752 274 2842 strigis
291 2751 439 2816 infames
455 2751 538 2836 ipsis
556 2771 635 2815 cum
652 2751 813 2816 carnibus
830 2751 917 2828 alas,

116 2856 215 2947 inque
230 2860 343 2925 virum
361 2857 450 2922 soliti
466 2858 579 2922 vultus
597 2869 728 2922 mutare
745 2857 874 2924 ferinos

26 2969 30 2980 '
118 2949 265 3055 ambigui
282 2928 442 3053 prisii&
457 2965 550 3048 lupi3
576 2983 640 3028 nec
657 2963 765 3029 defuit
780 2964 850 3029 illic

117 3093 276 3161 squamea
293 3072 461 3158 Cinyphii
477 3071 588 3136 tenuis
605 3071 807 3135 membrana
825 3069 995 3158 chelydri,

118 3151 307 3267 viiitiisque
320 3178 420 3267 jecur
436 3177 540 3253 cervi,
558 3177 684 3264 quibus
699 3175 840 3261 insuper
855 3178 952 3243 addit

116 3305 169 3354 ora
186 3297 360 3373 caputque
377 3306 500 3350 novem
518 3285 665 3350 cornicis
682 3285 822 3349 saecula
839 3305 976 3369 passae.

157 3391 222 3460 His
239 3404 273 3460 et
290 3391 384 3456 mille
402 3390 478 3456 aliis
494 3402 675 3478 postquam
692 3391 767 3457 sine
784 3390 923 3454 nomine
940 3390 1042 3455 rebus

116 3473 324 3586 propbsitum
342 3465 500 3562 instiiixit
515 3497 678 3562 remorari
695 3495 843 3561 Tartara
860 3518 998 3572 munus,

22 3627 23 3632 ¹
118 3607 219 3672 arenti
236 3625 335 3670 ramo
348 3602 555 3691 jampridem
573 3601 662 3667 mitis
679 3602 791 3667 olivae

64 3741 67 3748 ·
116 3713 230 3778 omnia
244 3709 413 3783 confudit,
431 3708 641 3794 summisque
657 3707 841 3772 immiscuit
856 3707 939 3772 ima.

116 3841 193 3886 ecce
208 3830 310 3884 vetus
327 3814 440 3879 calido
455 3825 610 3878 versatus
627 3813 732 3897 stipes
749 3819 836 3878 aeno

116 3927 149 3992 fit
162 3924 283 3993 viridis
300 3919 425 4008 primo,
443 3940 508 3985 nec
524 3919 630 4007 longo
646 3928 801 4003 tempore
819 3919 957 3984 frondes
1116 3933 1168 3985 280

983 4130 999 4191 tY
1051 4120 1135 4164 ''lv''
