2709 4325
115 245 199 302 ll111.
214 243 294 320 210.]
418 227 490 296 The
512 229 682 318 'Embassy
704 238 739 297 to
769 229 876 318 Troy.
1101 249 1164 315 123

4 457 5 462 κ
117 424 318 511 utquealios
335 435 483 502 taceam,
501 426 559 513 qui
576 445 718 492 saevum
735 427 878 512 perdere
896 439 1011 513 posset

118 531 280 606 Hectora,
298 553 425 619 nempe
440 533 541 600 dedi:
565 555 627 619 per
644 556 699 600 me
711 535 805 623 jacet
820 536 955 601 inclitus
973 535 1117 601 Hector.

4 693 5 716 ,
116 637 178 703 illis
194 639 284 704 haec
300 641 418 716 armis,
436 641 559 727 quibus
574 655 626 706 est
640 642 799 708 inventus
815 639 984 719 Achilles,

4 809 5 824 ,
116 766 207 810 arma
224 758 326 830 peto:
345 747 428 812 -vivo
444 749 620 824 dederam,
639 759 716 833 post
732 748 801 813 sata
816 769 972 833 reposco.
1115 768 1166 820 180

154 862 166 938 .‘
182 852 233 918 Ut
249 853 347 919 dolor
362 855 464 924 unius
480 854 622 920 Danaos
639 855 795 948 pervenit
811 855 856 925 ad
871 877 1004 933 omnes,

114 955 313 1046 Aulidaque
327 959 518 1032 Euboicam
536 962 750 1047 complerunt
765 961 859 1026 mille
876 962 1028 1039 carinae,

114 1079 312 1153 exspectata
329 1067 401 1143 diu,
419 1068 514 1132 nulla
531 1067 775 1145 autzcontraria
791 1067 895 1155 classi

113 1171 252 1238 flamina
269 1184 361 1250 sunt,
378 1174 553 1260 duraeque
565 1173 688 1262 jubent
703 1171 971 1260 Agamemnona
986 1185 1093 1242 sortes

112 1279 317 1345 immeritam
334 1301 458 1346 saevae
475 1292 592 1354 natam
608 1293 759 1346 mactare
776 1280 926 1370 Dianae.
1114 1299 1163 1367 183

112 1387 262 1476 denegat
277 1387 344 1454 hoc
361 1387 508 1474 genitor,
526 1387 683 1475 divisque
698 1387 855 1454 irascitur
870 1388 974 1472 ipsis,

112 1505 209 1582 atque
228 1495 265 1559 in
280 1515 369 1582 rege
381 1506 496 1570 tamen
512 1507 608 1582 pater
624 1505 688 1560 est.
737 1493 815 1580 Ego
831 1495 913 1558 mite
928 1494 1081 1580 parentis

110 1601 289 1690 ingenium
305 1601 420 1668 verbis
435 1602 486 1667 ad³
495 1601 634 1684 publica
650 1601 832 1668 commoda
848 1601 945 1665 serti.
1021 1676 1024 1679 ¹

110 1730 200 1774 nuuc
216 1709 381 1796 equidem
396 1709 515 1784 fateor,
534 1708 694 1795 fassoque
710 1708 868 1796 ignoscat
882 1706 1044 1772 Atridesr

109 1816 284 1882 difficilem
300 1817 394 1882 tenui
412 1817 474 1882 sub
491 1815 608 1902 iniquo
620 1814 737 1903 judice
754 1835 908 1881 causam.
1114 1845 1166 1900 ¹9⁰

109 1925 201 1996 hunc
216 1935 334 1998 tamen
352 1923 478 1990 utilitas
495 1922 611 2007 populi
629 1921 800 2007 fraterque
817 1920 976 2007 datique:
1157 1930 1160 1934 ‘

108 2050 244 2094 summa
261 2011 375 2094 movet
390 2030 528 2114 sceptri,
543 2029 681 2094 laudem
695 2040 732 2093 ut
748 2046 828 2092 cum
844 2028 1016 2114 sanguine
1033 2038 1162 2111 penset.

108 2137 221 2203 mittor
237 2148 271 2204 et
288 2137 332 2205 ad
349 2148 508 2213 matrem,
525 2157 613 2223 quae
631 2157 700 2201 non
717 2135 900 2211 hortanda,
917 2135 980 2203 sed
993 2147 1073 2201 astu

4 2240 5 2247 '
108 2245 314 2330 decipienda
330 2244 403 2311 snit.
424 2304 439 2314 ,,
454 2243 535 2329 Quo
552 2244 580 2312 si
597 2244 824 2313 Telamonius
839 2242 934 2319 isset,

4 2410 5 2439 ἓ
107 2348 191 2417 o'rba
207 2350 279 2416 suis
296 2360 410 2419 esseut
426 2352 637 2419 etiam-nunc
652 2351 758 2418 lintea
774 2349 940 2438 ventis..
1114 2363 1197 2437 195'

153 2470 163 2501 ⁶
180 2458 302 2525 Mittor
317 2473 350 2526 et
366 2460 490 2527 Iliacas
507 2462 623 2527 audax
638 2472 752 2527 orator
768 2461 812 2526 ad
829 2482 940 2536 arces,

107 2566 252 2654 visaque
268 2578 305 2633 et
317 2568 440 2634 intrata
454 2580 508 2633 est
522 2570 611 2633 altae
628 2568 713 2632 mihi
729 2568 825 2632 curia
841 2566 993 2657 Trojae:

107 2673 281 2760 plenaque
297 2676 413 2740 adhuc
429 2688 501 2739 erat
516 2674 576 2739 illa
591 2675 686 2740 viris,
736 2674 913 2741 Interritus
929 2674 986 2763 egi

107 2800 211 2865 quarn
230 2780 314 2845 milri
332 2782 511 2846 mandarat
524 2782 718 2847 communis
733 2780 887 2847 Graecia
898 2802 1053 2855 causam,

109 2905 304 2971 accusoque
321 2884 442 2961 Parin,
455 2888 696 2974 praedamque.
708 2887 950 2973 Helenamque
963 2908 1126 2971 reposco,

109 3002 142 3057 et
157 3015 282 3059 moveo
298 2992 474 3061 Priamum
492 2993 698 3081 Priamoque
713 2994 890 3060 Antenora
901 2996 1072 3082 junctum.

109 3111 144 3164 at
158 3100 257 3167 Paris
274 3114 308 3167 et
323 3102 446 3167 fratres
461 3114 493 3167 et
508 3102 566 3189 qui
583 3124 730 3187 rapuere
743 3104 815 3168 subs
823 3091 915 3189 illos

107 3206 166 3270 vix
182 3220 326 3273 tenuere
342 3230 465 3273 manus
476 3209 604 3273 -ascis
614 3207 705 3283 hoc,
717 3207 879 3273 Menelad
892 3207 900 3272 l
913 3246 959 3257 -
970 3208 1160 3283 nefandasr
1269 3270 1271 3275 .

4 3370 6 3397 ,
107 3313 290 3399 primaque
307 3314 367 3377 lux
383 3316 488 3379 nostri
504 3314 699 3379 tecnmsuit
713 3314 771 3378 illa
788 3315 918 3398 pericli.

4 3406 5 3413 ἵ
153 3431 162 3460 ⁴
179 3419 308 3509 Longa
325 3420 451 3485 reterre
468 3442 563 3485 mora
580 3432 643 3495 est,
658 3442 748 3507 quae
764 3422 974 3506 consilioque
987 3440 1160 3505 manuque

106 3524 234 3593 utiliter
249 3526 317 3590 feci
335 3526 473 3611 spatiosi
490 3538 644 3611 tempore
659 3528 753 3591 belli.
804 3570 808 3580 ·

48 3676 49 3681 η
107 3644 185 3713 post
200 3632 294 3697 acies
312 3632 440 3717 primas
455 3633 551 3697 urbis
566 3655 603 3697 se
620 3634 799 3697 moenibus
815 3632 930 3697 hostes

4 3738 6 3813 ζ
107 3738 307 3803 continuere
325 3739 397 3813 diu,
415 3760 480 3803 nec
497 3739 604 3823 aperti
621 3740 719 3823 copia
737 3739 882 3802 martias
986 3768 990 3773 ⁷

4 3826 6 3891 i
105 3843 179 3906 ulla
195 3844 279 3908 fuit:
305 3843 440 3908 decimo
457 3845 593 3909 demum
612 3844 846 3929 pugnavimus
859 3862 963 3924 anno.

105 3948 191 4033 quid
207 3949 294 4015 sacis
310 3949 452 4024 interea,
471 3948 530 4035 qui
547 3950 608 4035 nil,
626 3950 692 4013 nisi
708 3949 851 4033 proelia,
869 3944 979 4011 nosti?
1107 3974 1160 4012 210
