2709 4325
28 199 29 204 γ
116 261 254 334 1v‚792‚]
537 245 608 312 The
631 244 747 311 Fasti.
1096 254 1159 331 1‘37

112 438 182 507 Nee
195 449 319 506 noceat
334 441 490 506 turbasse
505 441 621 507 Iuens‘:
647 426 824 528 e'grnasciie,
842 439 1025 530 nymphae,

32 572 35 580 ’
150 545 248 611 Mota
266 547 362 633 quod
369 547 535 614 abscuras
551 548 785 634 ungulafieeit
799 553 921 633 aquast

116 650 176 728 Tu,
191 653 273 729 dea,
284 658 357 740 pro
373 654 470 717 nabis
473 655 597 737 sentes
600 655 828 738 fontanaque
837 653 946 740 placa

149 756 309 824 Numina
317 778 330 837 ;
354 767 393 822 tu
408 765 549 844 sparsas
560 765 630 845 per
645 779 765 822 nemus
780 779 878 822 amne
893 746 996 823 deos(
1107 775 1161 841 760

110 861 364 951 Necdryadan
381 885 444 928 nee
458 885 521 928 uos
537 865 716 930 videamus
732 865 834 928 labra
851 862 1008 939 Dianae,
1159 875 1163 879 ’

149 968 226 1036 Nec
241 969 419 1046 Faunum,
438 969 550 1033 medio
565 989 641 1034 cum
653 971 790 1056 prernib
803 990 893 1034 arva
908 969 976 1033 die.

109 1073 200 1160 Pelle
216 1077 352 1164 procul
363 1077 517 1142 morbos:
542 1075 685 1139 ualeant
703 1075 922 1160 hominesque
932 1083 1146 1162 gregesque

148 1179 199 1248 Et
213 1182 357 1247 valeant
371 1182 506 1269 vigiles,
520 1179 677 1268 provida
694 1181 812 1255 turba,
830 1188 957 1244 canes.-

109 1284 200 1353 Neee
215 1291 330 1352 minue
345 1289 467 1354 multos
483 1288 641 1373 redigam
658 1306 762 1370 quem
778 1288 1052 1368 menusanum,
1108 1294 1160 1370 763

147 1391 251 1459 Neve
261 1414 400 1480 gemam
415 1395 571 1480 ruerent
586 1391 719 1456 vellera
737 1397 844 1476 rapta
859 1391 955 1478 lupo.

108 1495 205 1565 Absit
221 1500 343 1586 rnr’qua
349 1506 487 1589 sames:
512 1499 638 1564 herbae
641 1496 865 1582 fraudesque
878 1497 1067 1583 supersint,

148 1604 320 1692 „Quaeque
335 1606 453 1671 lavent
468 1615 579 1687 artae,
596 1623 752 1691 quaeque
769 1603 945 1678 bibantur,
963 1621 1089 1688 aquae.

115 1708 228 1778 Ubera
238 1712 348 1798 plena
359 1718 541 1800 premam:
559 1713 703 1794 'referat
717 1708 808 1773 miln'
819 1729 937 1773 caseus
952 1729 1053 1781 aera,

148 1815 313 1903 Denique
328 1818 421 1882 vrum
437 1818 570 1904 liquide
586 1818 718 1882 aemma
734 1835 823 1880 rara
839 1835 929 1879 sero.
1107 1834 1161 1896 770

107 1920 277 2008 Lunaque
291 1925 484 2010 proveniat
497 1924 613 1988 nullas
629 1914 770 1988 laesura
780 1920 935 2008 puellae,

147 2027 270 2093 Mollis
287 2037 320 2094 et
334 2029 385 2094 ad
396 2035 533 2094 teneras'
550 2029 737 2116 quamlibet
752 2034 838 2114 apta
853 2047 988 2096 manus.

12 2125 13 2130 ’
106 2131 207 2218 „Quae
216 2140 361 2222 precor,
381 2136 560 2215 eveniaut;
585 2143 618 2201 et
632 2156 693 2200 nes
697 2134 880 2218 faciamus
895 2131 945 2198 ad
958 2153 1089 2198 annum
1108 2161 1158 2223 775

148 2240 335 2305 Pastorum
352 2242 511 2306 dominae
521 2242 680 2328 grandia
696 2241 767 2306 liba
782 2239 879 2304 Pali.
914 2274 918 2280 ·

107 2343 171 2410 His
187 2346 252 2411 dea
269 2347 441 2433 placanda
457 2358 508 2413 est
517 2370 528 2425 3
552 2348 639 2415 haec
654 2357 691 2413 tu
707 2360 893 2414 conversus
910 2346 955 2412 ad
971 2355 1065 2412 ortus

149 2451 216 2517 Dic
230 2464 363 2539 quater,
381 2465 414 2518 et
428 2453 506 2519 vivo
523 2454 641 2539 perlue
657 2474 734 2519 rore
751 2473 886 2517 manus.

104 2556 195 2621 Tum
211 2557 292 2623 licet
308 2558 474 2643 adposita,
493 2559 596 2625 veluti
614 2571 758 2634 cratere,
777 2559 938 2636 camella,

148 2662 223 2729 Lac
239 2664 377 2739 niveum
394 2675 489 2750 potes
505 2682 782 2753 purpureamque
797 2686 941 2751 sepem
1107 2677 1163 2753 780·

106 2767 258 2857 Moxque
275 2792 336 2855 per
352 2772 511 2837 ardentes
526 2772 670 2857 stipulae
687 2772 894 2859 crepitantes
910 2791 1053 2843 acervos

147 2876 306 2941 Traicias
323 2876 425 2943 celeri
442 2888 579 2946 strenue
596 2880 751 2943 membra
767 2880 870 2965 pedet
954 2905 957 2910 ·

106 2979 288 3067 Expositus
305 3004 378 3049 mos
394 2994 464 3049 est:
489 2984 593 3051 moris
610 2984 694 3049 mihi
712 2996 816 3053 restat
832 2988 943 3077 otigo.

147 3087 267 3152 Turba
283 3087 364 3154 fecit
379 3088 536 3166 dubium‚·
552 3103 743 3180 coeptaque
761 3106 876 3161 nostra
892 3106 995 3163 tenet.

107 3191 230 3257 Omnia
246 3206 371 3281 purgat
386 3196 476 3260 edax
494 3196 597 3283 ignis,
617 3200 804 3287 vitiumque
823 3203 970 3269 metallis

147 3297 338 3385 Excoquit=
362 3300 489 3368 idcirco
508 3325 586 3369 eum
605 3306 693 3373 duce
710 3320 835 3396 purgat
850 3307 946 3374 ovis?

107 3400 172 3478 An,
191 3404 271 3491 quia
289 3414 488 3475 cunctarum
507 3413 676 3479 contraria
695 3414 828 3479 semina
843 3426 958 3481 rerum

148 3508 235 3575 Sunt
250 3512 325 3583 duo¹
335 3512 524 3593 discordes,
544 3519 635 3607 ignis
653 3531 687 3585 et
702 3521 808 3595 unda,
827 3520 895 3596 dei,
993 3580 999 3589 ,
1080 3569 1084 3576 .

102 3612 291 3698 Junxerunt
307 3619 476 3689 elementa
493 3636 620 3709 patres,
639 3637 823 3712 aptumque
840 3637 1001 3711 putarunt

148 3720 290 3810 Ignibus
306 3738 341 3794 et
356 3751 477 3817 sparsa
492 3741 635 3818 tangere
652 3752 776 3816 corpus
792 3730 904 3818 aqua?
1016 3769 1020 3773 Α
1076 3788 1079 3792 ,
1101 3759 1155 3819 790

105 3823 171 3903 An,
188 3833 282 3916 quod
298 3834 334 3899 in
351 3835 404 3901 his
420 3835 510 3901 vitae
526 3856 631 3901 causa
648 3846 710 3916 est,
726 3838 814 3901 haec
830 3837 976 3922 perdidit
991 3837 1105 3913 exsul,

147 3936 211 4006 His
229 3962 319 4008 nova
335 3943 372 4007 fit
388 3942 553 4032 conjunx,
572 3944 659 4009 haec
675 3946 744 4011 duo
762 3965 891 4032 magna
907 3942 1048 4031 putent?
