2709 4325
137 223 188 279 lx
203 226 276 298 243·]
476 211 515 280 Τ
507 212 552 278 he
572 211 739 280 Funera!
756 211 848 280 Pr'le.

177 403 269 470 Ecce
283 403 419 472 Lichan
436 407 612 493 trepidum
628 408 818 475 latitantem
833 429 918 496 rupe
934 417 1057 474 cavata

132 511 252 598 aspicit
262 535 271 588 ;
295 524 397 600 utque
415 515 517 580 dolor
532 515 664 580 rabiem
682 516 869 604 collegerat
884 536 1035 591 omnem,

133 616 269 696 ‘Tune,
286 619 421 695 Licha‚'
439 618 527 684 dixit
543 618 685 684 ‘feralia
701 622 792 687 dona
809 619 952 687 dedisti?

128 735 212 790 tune
228 746 324 790 meae
340 725 437 790 necis
455 736 576 790 auctor
591 723 700 792 eris?'
744 725 878 793 Tremit
892 726 963 804 ille,
981 735 1152 814 pavetque

128 831 292 917 pallidus,
310 842 343 897 et
358 831 477 898 timide
495 830 601 896 verba
618 833 820 897 excusantia
836 833 930 900 dicit.
1131 863 1183 921 215

128 938 300 1004 dicentem
317 939 534 1026 genibusque
554 959 677 1004 manus
694 939 860 1005 adhibere
876 950 1055 1026 parantem

128 1045 268 1131 corripit
284 1043 439 1122 Alcides,
458 1056 491 1111 et
506 1055 624 1131 terque
642 1055 831 1132 quaterque
847 1057 994 1111 rotatum

126 1151 231 1216 mittit
244 1152 280 1216 in
295 1151 471 1218 Euboicas
486 1162 653 1218 tormento
669 1151 789 1218 fortius
805 1147 930 1218 undas.

126 1257 185 1322 ille
202 1279 266 1344 per
282 1258 395 1323 aerias
412 1258 567 1343 pendens
583 1257 736 1323 induruit
751 1278 874 1334 auras;

126 1374 233 1450 utque
244 1364 363 1429 ,ferunt
379 1363 507 1429 imbres
523 1364 648 1452 gelidis
666 1384 888 1432 concrescere
902 1366 1027 1444 ventis,
1130 1397 1184 1437 220

125 1469 208 1536 inde
224 1471 320 1535 nives
337 1470 425 1548 fieri,
444 1470 580 1538 nivibus
596 1492 734 1557 quoque
750 1471 854 1537 molle
870 1474 987 1539 rotatis

127 1578 285 1665 astringi,
304 1587 338 1642 et
353 1577 465 1663 spissa
481 1577 666 1665 glomerari
684 1577 854 1665 grandine
870 1601 1015 1666 corpus:

126 1684 176 1749 sic
191 1684 291 1749 illum
308 1685 431 1750 validis
449 1694 562 1750 actum
579 1685 760 1770 perinane
775 1685 912 1752 lacertis

125 1810 414 1878 exsanguemque
431 1802 523 1855 metu
536 1790 798 1878 necquicquam
812 1791 965 1864 humoris
981 1793 1179 1871 habentem,

125 1896 160 1961 in
178 1897 311 1984 rigidos
327 1917 464 1962 versum
481 1897 594 1963 silices
610 1897 704 1983 prior
719 1897 826 1964 edidit
842 1909 949 1965 aetas.
1129 1932 1180 1991 ²25

124 2024 219 2067 nunc
235 2023 374 2089 quoque
390 2001 424 2068 in
442 2002 596 2070 Euboico
612 2005 775 2089 scopulus
793 2004 907 2070 brevis
923 2005 1046 2072 emicat
1061 2007 1130 2073 alto

125 2109 278 2197 gurgite,
298 2120 332 2175 et
347 2109 520 2176 humanae
536 2115 650 2177 servat
664 2111 811 2199 vestigia
828 2111 972 2190 formae,

124 2236 244 2302 quem,
262 2215 361 2303 quasi
379 2238 573 2295 sensurum,
591 2228 717 2283 nautae
733 2219 869 2286 calcare
885 2232 1057 2297 verentur,
1121 2256 1146 2275 ·›

125 2323 372 2410 appellantque
389 2321 539 2389 Lichan.

566 2429 614 2497 At
629 2442 678 2509 tu,
692 2431 789 2520 Jovis
805 2434 922 2501 inclita
939 2436 1065 2522 proles,

125 2536 307 2602 arboribus
323 2536 448 2615 caesis,
465 2560 550 2627 quas
567 2537 675 2606 'ardua
692 2555 848 2629 gesserat
864 2543 964 2620 Oete,
1128 2578 1181 2632 2³0
1238 2556 1242 2563 '

124 2641 231 2730 inque
247 2664 371 2730 pyram
388 2645 535 2722 structis,
553 2666 673 2711 arcum
691 2648 955 2737 pharetramque
972 2672 1137 2738 capacem

124 2770 305 2837 regnaque
321 2751 455 2816 visuras
471 2751 592 2817 iterum
610 2753 765 2843 Trojana
782 2757 925 2845 sagittas

125 2856 214 2923 serre
228 2857 331 2945 jubes
346 2856 498 2923 Poeante
515 2871 640 2934 satum,
657 2882 726 2949 quo
741 2862 884 2927 flamma
901 2864 1054 2930 ministro

126 2964 283 3039 subdita3
309 2964 460 3052 dumque
477 2966 587 3032 avidis
603 2970 859 3055 comprenditur
875 2972 1013 3058 ignibus
1030 2992 1154 3060 agger,

125 3071 326 3157 congeriem
343 3070 450 3136 silvae
466 3070 645 3141 Nemeaeo
662 3077 790 3142 vellere
806 3097 977 3141 summam
1054 3107 1081 3125 ³*
1126 3108 1177 3164 235

126 3177 261 3252 sternis,
280 3188 313 3242 et
329 3177 487 3263 imposita
504 3181 625 3247 clavae
643 3183 777 3248 cervice
792 3182 977 3259 recumbis,

126 3282 219 3348 haud
235 3282 305 3349 alio
320 3285 430 3360 vultu,
448 3308 552 3373 quam
570 3290 599 3355 si
616 3288 762 3355 conviva
774 3290 910 3377 jaceres
1002 3320 1023 3343 ‹-

125 3388 213 3454 inter
228 3389 334 3475 plena
350 3392 435 3456 meri
454 3394 630 3461 redimitus
647 3396 772 3481 pocula
788 3395 898 3460 sertis.
1002 3425 1007 3434 ¹

166 3494 316 3582 Jamque
330 3499 452 3565 valens
468 3512 502 3567 et
517 3502 552 3566 in
569 3523 671 3591 omne
687 3502 776 3567 latus
793 3500 918 3566 diffusa
935 3504 1090 3577 sonabat,

126 3622 333 3691 securosque
351 3617 444 3672 artus
461 3618 797 3694 contemptoremque
815 3608 950 3692 petebat
1126 3635 1178 3688 240

126 3706 266 3776 flamma
283 3735 396 3779 suurn.
445 3712 609 3779 Timuere
626 3714 681 3779 dei
698 3735 760 3798 pro
776 3714 912 3778 vindice
928 3724 1059 3778 terrae:

126 3838 211 3903 quos
228 3821 288 3896 ita,
306 3819 414 3885 sensit
430 3820 534 3895 enim,
552 3820 642 3884 laeto
659 3819 842 3884 Saturnius
858 3839 917 3883 ore

121 3924 280 4015 Juppiter
298 3925 512 4011 adloquitur:
540 3908 692 3991 ‘Nostra
707 3935 760 3989 est
774 3925 875 3988 timor
890 3923 952 3987 iste
969 3924 1138 4007 voluptas,
1166 3953 1183 3975 υ
