2709 4325
143 216 271 290 11.176.]
299 198 336 266 Τ
329 201 373 265 he
397 198 520 267 Steeds
543 200 630 267 dash
639 201 818 286 sarward
838 220 883 265 on
905 198 962 267 the
982 198 1124 268 Course.
1149 216 1191 283 23

140 396 279 462 humida
295 419 367 464 nox
382 397 516 485 tetigit;
541 419 609 463 non
626 408 678 463 est
694 418 789 463 mora
805 396 914 462 libera
928 396 1040 464 nobis.
1119 456 1124 465 .

138 503 331 587 poscimur:
357 502 503 588 effulget
517 504 668 569 tenebris
685 524 808 570 aurora
825 502 965 591 sugatis.

138 610 269 696 corripe
286 610 360 677 lora
377 630 506 684 manu;
531 610 598 687 vel,
616 611 645 675 si
661 612 825 675 mutabile
840 621 961 697 pectus
1142 640 1191 696 ¹45

138 716 276 806 esttibi,
296 715 462 791 consiliis,
480 737 551 781 non
567 716 723 783 curribus
738 727 834 783 utere
850 716 988 793 nostris,

137 820 347 908 dum-potes,
365 833 400 887 et
414 821 535 888 solidis
550 822 654 887 etiam
670 844 763 889 nunc
779 823 917 889 sedibus
933 824 1062 899 adstas,

100 1011 103 1018 Ι
137 928 290 1015 dumque
306 930 397 994 male
412 938 547 1015 optatos
563 929 716 995 nondum
732 929 861 1015 premis
875 928 1004 996 inscius
1020 949 1117 997 axes.

137 1055 227 1121 quae
242 1046 335 1101 tutus
352 1046 500 1121 spectes,
518 1035 597 1100 sine.
608 1056 663 1101 me
679 1036 763 1101 dare
776 1036 910 1103 lumina
924 1036 1047 1103 terris.'

139 1122 154 1157 ³
184 1140 344 1228 Occupat
358 1143 416 1208 ille
432 1143 544 1209 levem
557 1142 702 1230 juvenili
718 1162 862 1227 corpore
878 1162 1029 1219 currum,
1141 1172 1191 1229 150

138 1258 271 1335 statque
288 1271 403 1335 super,
422 1249 647 1335 manibusque
665 1250 765 1313 datas
781 1248 982 1337 contingere
998 1249 1153 1315 habenas

140 1356 280 1441 gaudet,
298 1367 332 1421 et
346 1356 453 1436 invito
470 1366 585 1475 gratqs
603 1355 674 1473 agit
690 1355 771 1456 inde
787 1356 933 1439 parenti.

134 1439 272 1555 interdu
284 1441 443 1534 vblticre's
460 1452 582 1549 Perts
599 1442 693 1527 Eoris
709 1441 910 1548 etlffethb‘n,
1022 1471 1106 1525 αἱ),
1240 1502 1244 1510 ⁴

142 1552 220 1633 sblis
235 1557 329 1654 equi,
345 1533 557 1655 quantisqud
570 1562 743 1664 Phlegon,
761 1553 955 1638 hinnitibus!
966 1570 1068 1635 a‘ura's
1125 1560 1177 1633 ,οἷν
1213 1604 1217 1612 -

141 1633 350 1739 flanlinileris
365 1644 524 1759 imblent,
541 1675 754 1761 pedibusque
769 1673 939 1760 repagula
955 1676 1106 1758 pulsant·
1140 1703 1189 1761 155

141 1800 227 1865 quae
244 1791 423 1867 postquam
440 1780 587 1867 Tethys,
605 1781 752 1847 latorum
767 1780 891 1868 ignara
906 1780 1053 1865 nepotis,

142 1887 298 1971 reppulit,
317 1898 351 1952 et
365 1887 457 1951 facta
473 1897 524 1951 est
539 1887 698 1953 immensi
715 1885 814 1973 copia
831 1885 964 1961 mundi,

142 1993 332 2077 corripuere
348 1993 456 2069 viam,
474 1993 688 2079 pedibusque
704 2014 765 2078 per
781 1997 862 2057 atita
879 1991 979 2057 motis

140 2099 309 2166 obstantes
324 2100 487 2166 scindunt
502 2100 661 2176 nebulas,
678 2099 869 2187 pennisque
884 2068 1000 2166 ldi'ati'

138 2185 353 2292 praete‘feunt
368 2218 462 2272 ortos
477 2208 585 2272 isdem
602 2210 645 2273 de
662 2207 815 2292 partibus
834 2207 957 2275 Euros.
1139 2225 1191 2280 160

181 2312 252 2378 Sed
269 2315 345 2378 leve
362 2313 498 2399 pondus
510 2311 598 2389 erat,
618 2335 683 2378 nec
697 2313 790 2400 quod
807 2333 1017 2402 cognoscere
1033 2326 1175 2401 possent

137 2415 227 2482 Solis
244 2417 336 2504 equi,
355 2419 522 2503 solitaque
536 2417 660 2505 jugum
676 2417 844 2506 gravitate
862 2419 1012 2484 carebat.

136 2533 239 2608 utque
254 2523 374 2588 labant
390 2544 516 2588 curvae
529 2524 621 2611 justo
637 2524 710 2588 sine
728 2524 880 2608 pondere
896 2545 1016 2601 naves,

136 2637 264 2716 perque
280 2651 380 2694 mare
392 2628 569 2713 instabiles
585 2631 692 2694 nimia
707 2593 844 2697 lel'llate
862 2630 1029 2709 seruntur,

136 2733 183 2799 sic
199 2757 304 2800 onere
322 2747 460 2800 assueto
474 2757 604 2818 vacuus
621 2736 731 2803 datin
749 2742 829 2802 aere
845 2739 967 2813 saltus,
1139 2755 1188 2827 165

68 2917 72 2924 ,
136 2841 390 2926 succutiturque
405 2841 485 2917 alte,
504 2842 693 2929 similisque
708 2840 896 2911 estrcurriis
911 2824 1019 2921 lirani.

134 2948 225 3032 quod
241 2947 346 3013 simul
364 2967 406 3011 ac
422 2967 572 3044 sensere,
591 2961 706 3025 ruunt,
724 2951 908 3037 tritumque
924 2949 1121 3036 relinquunt

134 3052 331 3141 quadrijugi
348 3053 509 3138 spatium,
526 3076 591 3120 uec
607 3077 675 3142 quo
693 3057 801 3141 prius,
819 3056 939 3122 ordine
955 3065 1107 3121 currunt.

133 3159 205 3244 ipse
221 3170 346 3245 pavet3
371 3179 439 3224 nec
453 3180 521 3245 qua
538 3163 740 3228 commissas
754 3162 869 3227 flectat
885 3163 1049 3236 habenas,

132 3287 196 3330 nec
212 3266 278 3332 scit
293 3287 364 3352 qua
381 3265 424 3330 sit
438 3266 513 3343 iter,
531 3289 608 3345 nec,
627 3270 656 3334 si
673 3269 772 3343 sciat,
790 3268 933 3352 imperet
947 3268 1026 3331 illis.
1139 3297 1189 3351 170

124 3348 135 3376 '²
174 3372 270 3438 Turn
287 3371 438 3457 primurn
450 3357 558 3440 'radiis
576 3375 837 3462 gelidi-caluere
852 3339 993 3449 stilles,

132 3487 163 3544 et
177 3479 283 3544 vetito
300 3477 425 3542 frustra
442 3489 649 3565 temptarunt
664 3500 813 3565 aequore
829 3478 951 3565 tingui,

130 3605 289 3671 quaeque
307 3585 394 3670 polo
407 3585 516 3668 posita
534 3596 585 3650 est
600 3584 741 3671 glaciali
757 3585 915 3666 proxima
931 3582 1096 3662 Serpens,
1129 3587 1132 3589 ’

131 3692 259 3778 frigore
276 3690 380 3776 pigra
396 3690 504 3774 prius,
521 3710 588 3754 nec
602 3686 827 3752 formidabilis
842 3685 917 3759 ulli,

131 3797 276 3862 incaluit
293 3794 508 3879 sumpsitque
524 3814 632 3857 novas
648 3789 839 3853 fervoribus
854 3787 936 3848 iras.
1141 3803 1195 3856 175>

130 3914 161 3970 te
178 3919 325 3990 quoque
337 3897 508 3962 turbatum
526 3901 719 3974 memorant
733 3889 877 3973 fugisse,
895 3885 1014 3980 Bodte,
1044 3949 1053 3959 Δ
