2709 4325
87 84 320 165 ›1ow
473 116 476 121 ¹
549 90 738 206 &W

103 168 255 313 iti„
335 166 354 217 ³
431 180 685 315 '‘ate'arzgrat
705 168 959 314 osbaaaas..
1051 244 1235 316 ‚inme

181 423 328 545 destigpat
343 424 437 489 hunc
453 423 570 489 Minos
584 422 747 507 thalamis
763 443 941 517 removere
959 422 1139 517 pudorem,
1225 453 1239 514 ss

180 531 426 618 multiplicique
442 530 545 596 domo
562 528 744 627 caecisque
759 528 935 594 includere
952 529 1062 593 tectis.

226 638 403 703 Daedalus
419 635 560 724 ingenio
577 636 696 723 fabrae
712 635 957 711 celeberrimus
973 633 1055 701 artis

180 744 275 831 ponit
291 765 390 829 opus,
408 744 587 829 turbatque
604 753 716 817 notas,
735 740 915 864 etprmina
930 739 1061 806 flexum
1183 758 1236 813 160

180 850 273 915 ducit
288 848 323 914 in
340 870 489 914 errorem
505 848 678 915 variarum
696 848 844 934 ambage
861 846 1007 912 viarum.

178 978 249 1023 non
265 976 365 1022 secus
382 976 423 1021 ac
439 954 587 1042 liquidus
603 953 767 1041 Phrygiis
782 952 972 1020 Maendros
988 951 1024 1020 in
1040 953 1131 1021 arvis
1236 1036 1239 1040 ,

81 1077 83 1083 ·
179 1060 278 1137 ludit,
296 1072 329 1127 et
345 1060 510 1149 ambiguo
525 1044 626 1147 lapsu
642 1045 821 1145 refluitque
837 1058 992 1147 fluitque,
1021 1119 1046 1148 .·
1163 1056 1167 1060 ’

136 1180 162 1193 ·”
178 1187 431 1255 occurrensque
447 1166 512 1233 sibi
527 1178 690 1232 venturas
707 1165 829 1251 aspicit
845 1168 969 1244 undas,

179 1284 213 1365 et
227 1296 321 1340 nunc
336 1275 381 1340 ad
398 1274 519 1350 fontes,
539 1292 632 1338 nunc
647 1273 694 1339 ad
709 1291 806 1339 mare
821 1294 941 1340 versus
958 1284 1113 1363 apertum
1181 1290 1232 1362 1⁶5

178 1380 326 1447 incertas
343 1392 482 1446 exercet
497 1372 626 1467 aquas}
651 1378 698 1445 ita
715 1380 892 1453 Daedalus
908 1381 1029 1473 implet
1065 1380 1069 1385 ’
1090 1450 1094 1455 ,

176 1487 378 1556 innumeras
395 1506 509 1569 errore
526 1486 621 1561 vias;
645 1486 773 1574 vixque
788 1475 1020 1573 ipseque-ni*

179 1595 224 1660 ad
240 1594 345 1659 limen
362 1593 482 1680 potuit,
499 1602 593 1657 tanta
608 1603 660 1658 est
674 1592 814 1659 fallacia
827 1594 919 1659 tecti.

225 1699 306 1787 Quo
322 1711 502 1789 postquam
520 1699 696 1787 geminam
713 1702 801 1765 tauri
813 1700 1019 1789 juvenisque
1033 1701 1186 1789 figuram
1233 1723 1242 1734 ·

179 1806 312 1883 clausit,
331 1818 364 1872 et
380 1803 513 1893 Actaeo
528 1806 581 1872 bis
598 1817 733 1893 pastum
750 1793 923 1895 sanguine
936 1816 1147 1873 monstrum.
1182 1838 1234 1892 170

176 1914 275 1979 tertia
291 1936 365 1979 sors
381 1912 481 1987 annis
497 1910 629 1979 domuit
643 1913 786 1999 repetita
803 1914 965 1994 novenis3
1002 1924 1008 1931 '

177 2031 281 2106 utque
297 2040 363 2105 ope
379 2018 537 2106 virginea
553 2019 656 2087 nullis
672 2020 792 2085 iterata
808 2013 959 2105 priorum

104 2189 106 2194 .
174 2124 282 2216 janua
298 2126 445 2192 difficilis
462 2126 521 2192 filo
537 2137 588 2193 est
602 2126 742 2193 inventa
758 2112 897 2205 relecto,

176 2234 331 2321 protinus
347 2231 504 2322 Aegides
520 2245 617 2320 rapta
633 2223 791 2300 Minoide
808 2235 914 2302 Diam

176 2342 255 2408 vela
271 2340 376 2415 dedit,
395 2329 621 2428 comitemque
637 2327 737 2406 suam
755 2341 902 2406 crudelis
919 2340 954 2406 in
970 2341 1030 2407 illo
1050 2336 1055 2342 ’
1182 2372 1233 2429 175

177 2447 274 2516 litore
290 2442 476 2514 destituitff
501 2446 667 2514 Desertae
683 2457 717 2512 et
733 2448 839 2512 multa
855 2447 1011 2535 querenti

177 2521 358 2654 adiblexus
374 2565 407 2620 et
423 2575 524 2640 opem
540 2552 647 2620 Libet
662 2554 751 2629 tulit,
768 2564 872 2641 utque
889 2529 1046 2641 perenni*
1062 2594 1066 2601 ·

176 2662 288 2728 sidere
304 2661 398 2727 clara
414 2661 512 2736 soret,
531 2670 704 2745 sumptam
720 2660 764 2726 de
780 2660 889 2725 fronte
907 2663 1069 2726 coronam

175 2767 316 2834 immisit
330 2768 440 2834 caelo.
485 2765 630 2831 Tenues
645 2762 739 2831 volat
755 2766 821 2831 itta·
831 2787 893 2852 per
910 2787 1033 2842 auras3
1117 2837 1119 2841 ,
1137 2837 1141 2848 ,

175 2876 326 2962 dumque
342 2875 446 2950 volat,
463 2862 626 2962 ¹gemmae
643 2871 767 2940 nitidos
784 2875 958 2938 vertuntur
974 2873 1010 2938 in
1025 2872 1140 2962 ignes,
1178 2892 1230 2946 180

173 2983 429 3070 consistuntque
446 2982 535 3057 loco,
553 2978 667 3066 specie
684 2991 882 3056 remanente
897 3000 1059 3058 coronae,
1119 3048 1123 3058 ,
1183 3042 1187 3051 ,
1222 3056 1226 3062 ,
1258 2995 1261 3007 ’

171 3087 231 3174 qui
249 3087 382 3153 medius
398 3049 550 3172 dliiiidue
568 3106 661 3172 genu
677 3095 741 3160 est,
759 3081 1167 3194 Anguemquq-tenentis.

220 3191 397 3258 Daedalus
413 3191 543 3256 interea
559 3190 687 3257 Creten
703 3192 915 3278 longumque
931 3202 1074 3275 perosus

173 3299 346 3375 exsilium,
363 3303 542 3384 tactusque
557 3297 625 3364 loci
641 3287 764 3364 natalis
782 3317 911 3374 amore,
1173 3377 1178 3384 ‚

173 3409 311 3473 clausus
328 3419 399 3471 erat
416 3387 554 3493 pelago.
605 3391 755 3471 ‘Terras
772 3403 869 3469 licet’
885 3385 994 3490 inquit
1010 3414 1066 3468 ‘et
1081 3403 1194 3470 undas

172 3516 336 3589 obstruat,
356 3524 389 3578 at
405 3513 539 3578 caelum
553 3521 646 3582 certe
660 3522 775 3596 patet:
800 3510 925 3579 ibimus
942 3509 1032 3575 illac.

172 3619 288 3686 omnia
303 3619 488 3704 possideat,
507 3639 575 3684 non
593 3617 745 3704 possldet
760 3622 840 3684 aera
856 3615 998 3684 Minos)

172 3726 276 3798 dixit3
303 3736 335 3790 et
351 3725 487 3813 ignotas
503 3725 655 3789 animum
673 3723 809 3790 dimittit
824 3724 860 3788 in
876 3736 979 3802 artes,
1097 3747 1100 3754 ·

172 3844 396 3918 naturamque
413 3840 536 3898 novat:
561 3851 643 3896 nam
660 3829 754 3915 ponit
770 3829 804 3893 in
820 3831 939 3896 ordine
957 3851 1103 3915 pennas,
1194 3873 1210 3913 g

171 3959 192 4004 a
209 3938 350 4004 minima
369 3947 520 4024 coeptas,
537 3935 681 4025 longam
696 3935 852 4010 breviore
868 3938 1036 4023 sequenti,
1173 3971 1225 4026 ιφ
