2709 4325
115 251 264 327 vl11.724.]
292 239 329 306 Τ
322 240 386 328 hey
409 262 473 306 are
497 239 742 326 tranfirmcd
761 249 797 306 to
827 238 863 306 T
857 261 943 305 raes.
1098 260 1140 330 91

144 429 219 498 Vota
235 435 319 502 fides
337 436 511 523 sequitur:
536 435 654 522 templi
671 436 776 501 tutela
791 436 902 511 suere,
924 505 940 519 ,,

109 536 198 602 donec
212 539 276 606 vita
293 543 376 607 data
394 553 457 608 est.
506 542 620 607 Annis
637 562 791 628 aevoque
807 529 923 618 saluti,
952 595 956 601 .

108 653 169 708 ante
182 649 306 731 gradus
325 669 442 714 sacrus
460 669 539 714 cum
557 657 686 714 starent
701 647 799 724 sorte,
817 649 954 736 locique

105 747 269 836 inciperent
285 775 403 829 casus,
423 754 582 820 frondere
598 748 805 819 Philemona
822 753 965 831 Bauci8‚

104 854 236 922 Baucida
252 860 436 946 conspexit
451 859 566 926 senior
582 859 742 926 frondere
758 849 955 927 Phileman.
1086 891 1118 946 71
1122 891 1138 949 ς

101 961 218 1051 jamque
234 987 342 1053 super
359 966 518 1054 geminos
536 978 712 1033 crescente
728 967 909 1034 cacumine
924 969 1038 1034 vultus

102 1081 211 1146 mutua,
228 1072 314 1137 dum
332 1071 442 1148 licuit,
459 1072 650 1139 reddebant
666 1073 770 1150 dicta,
800 1072 884 1139 Vale
898 1094 966 1160 que

106 1172 281 1262 Oconjunx
299 1178 422 1244 dixere
439 1177 554 1255 simul,
574 1178 675 1244 simul
692 1179 809 1244 abdita
825 1178 910 1244 texit

101 1302 148 1345 ora
161 1282 279 1350 frutex.
332 1279 494 1351 Ostendit
510 1286 626 1351 adhuc
641 1285 813 1350 Thine'ius
828 1284 900 1350 illic

101 1389 194 1456 incola
209 1393 251 1458 de
268 1393 414 1484 gemino
429 1393 562 1459 vicinos
579 1412 722 1478 corpore
738 1402 889 1458 truncos.
1085 1421 1140 1476 720

101 1495 172 1563 haec
186 1498 267 1565 mihi
284 1522 358 1567 non
372 1497 512 1566 vani-
522 1518 634 1584 neque
651 1508 724 1563 erat
745 1517 807 1563 cur
821 1497 942 1564 fallere
957 1497 1139 1576 velient-
1152 1481 1159 1525 '
1166 1477 1174 1528 Ι
1193 1477 1202 1515 ⁴

100 1623 263 1672 narravere
280 1626 406 1674 senes:
432 1604 592 1692 equidem
608 1603 794 1689 pendentia
809 1601 881 1669 vidi

100 1720 174 1775 serta
188 1733 289 1799 super
303 1733 423 1778 ramos
435 1733 445 1788 3
470 1729 671 1797 ponensque
686 1709 851 1786 recentia,
870 1708 942 1775 dixi

104 1815 185 1884 Cura
196 1821 255 1908 pr'i
265 1819 318 1886 dr's
334 1826 432 1896 sunt,
451 1826 485 1885 et
500 1819 565 1904 qui
577 1815 713 1882 coluere
728 1815 919 1910 coluntur..

1210 1481 1241 1517 Ι.
