2709 4325
167 223 233 296 172
541 207 691 275 Skorter
712 206 847 277 Poems.
1067 221 1223 292 [Tmsrn.

125 445 127 449 ·
166 408 205 475 si
223 407 302 472 licet
319 406 486 491 exemplis
502 405 537 469 in
555 427 661 491 parvo
677 405 869 492 grandibus
884 401 946 478 uti,
1189 428 1223 486 ²5

213 515 312 579 Haec
329 513 435 577 facies
452 511 593 598 Trojae‚
612 533 691 576 cum
709 521 900 595 caperetur,
920 518 1004 572 erat.

161 619 548 710 Jamque‘quiescebant
564 639 667 682 voces
685 616 931 701 hominumque
948 635 1156 700 canumque,

211 729 381 814 Lunaque
399 735 583 789 nocturnos
602 725 671 788 alta
688 724 831 810 regebat
847 743 965 807 equos.

122 845 124 852 ’
168 835 271 900 Hanc
287 855 354 922 ego
371 831 560 917 suspiciens
578 839 610 894 et
627 830 670 893 ab
688 831 755 893 hac
771 827 943 913 Capitolia
960 848 1119 903 cernens,

213 940 314 1026 Quae
331 952 444 1006 nostro
462 939 585 1002 frustra
597 934 718 1024 juncta
733 935 829 999 fuere
846 934 923 1008 lari,
1188 963 1225 1018 30
1283 933 1287 939 '

169 1048 346 1114 ‘Numina
362 1045 484 1112 vicinis
503 1042 690 1110 habitantia
707 1042 871 1129 sedibus‚’
890 1041 1045 1128 inquam,
1089 1088 1091 1091 -

214 1156 382 1242 ‘Jamque
398 1153 507 1219 oculis
524 1170 714 1237 numquam
729 1149 858 1233 templa
875 1148 1024 1213 videnda
1041 1145 1141 1223 meis,

167 1261 281 1349 Dique
297 1260 525 1348 relinquendi,
543 1280 628 1346 quos
644 1257 727 1321 urbs
743 1266 834 1320 tenet
850 1254 919 1318 alta
937 1251 1098 1347 Quirini,

212 1368 294 1435 Este
310 1370 444 1434 salutati
460 1379 595 1452 tempus
612 1366 647 1430 in
663 1384 766 1430 omne
783 1359 889 1426 mihil

167 1473 212 1540 Et
227 1495 435 1560 quamquam
453 1495 528 1540 sero
545 1473 697 1558 clipeum
712 1481 789 1558 post
806 1470 949 1534 vulnera
965 1490 1078 1545 sumo,
1188 1496 1223 1555 35

62 1670 64 1672 Ι
211 1580 374 1646 Attamen
391 1582 481 1646 hanc
497 1580 584 1646 odiis
601 1588 786 1644 exonerate
803 1578 939 1666 sugam,
994 1625 1000 1636 .

165 1687 384 1775 Caelestique
400 1687 485 1761 viro,
503 1686 580 1774 quis
597 1706 653 1751 me
669 1684 844 1769 deceperit
861 1705 970 1760 error,

211 1795 344 1861 Dicite:
370 1815 432 1880 pro
449 1795 610 1878 culpane
627 1793 958 1877 scelus-esse'putet.

165 1901 214 1972 Ut
229 1901 321 1990 quod
336 1923 396 1966 vos
413 1900 519 1976 scitis,
537 1921 669 1985 poenae
687 1919 823 1985 quoque
841 1897 965 1964 sentiat
980 1907 1112 1974 auctor,

210 2008 351 2074 Placato
366 2028 507 2093 possum
524 2028 592 2071 non
611 2006 714 2070 miser
730 2025 806 2070 esse
824 2005 915 2069 deo.’
1186 2017 1223 2088 45

166 2114 246 2181 Hac
262 2135 363 2201 prece
380 2113 519 2179 adoravi
536 2133 678 2198 superos
696 2133 764 2199 ego
774 2134 784 2187 ;
810 2111 965 2197 pluribus
981 2132 1082 2189 uxor,

211 2221 373 2309 Singultu
391 2220 521 2286 medios
537 2219 745 2305 impediente
763 2240 879 2283 sonos.

165 2328 230 2393 Illa
247 2328 361 2403 etiam,
381 2338 458 2391 ante
475 2326 584 2392 Lares
601 2326 712 2411 passis
729 2336 898 2411 prostrata
915 2324 1063 2412 capillis,

212 2434 365 2522 Contigit
381 2433 565 2499 exstinctos
581 2454 642 2499 ore
655 2443 823 2498 tremente
838 2431 948 2508 focos,

164 2540 344 2627 Multaque
356 2540 395 2604 'in
413 2540 574 2605 adversos
591 2538 711 2604 effudit
726 2540 833 2621 verba
849 2537 998 2604 Penates

210 2646 278 2713 Pro
294 2648 469 2733 deplorato
487 2669 555 2712 non
571 2646 719 2711 valitura
733 2646 820 2733 viro.
1001 2629 1007 2638 ’

158 2754 306 2842 Jamque
324 2774 438 2837 morae
455 2753 601 2838 spatium
619 2775 690 2819 nox
706 2754 930 2839 praecipitata
947 2752 1112 2841 negabat,

125 2923 128 2928 .
208 2859 387 2947 Versaque
405 2860 447 2925 ab
465 2881 530 2925 axe
547 2882 609 2928 suo
626 2859 808 2926 Parrhasis
825 2872 936 2925 arctos
954 2869 1038 2923 erat.

165 2966 260 3040 Quid
276 2966 447 3033 facerem?
470 2967 598 3033 blando
614 2968 746 3053 patriae
763 2968 934 3033 retinebar
950 2985 1089 3051 amore3

208 3074 338 3141 Ultima
354 3073 441 3139 sed
418 3095 545 3162 Jussae
561 3097 631 3139 nox
648 3087 722 3139 erat
738 3076 797 3139 illa
814 3075 932 3162 fugae.

149 3180 242 3246 'Ant
267 3192 349 3267 quot
350 3181 422 3247 iens
440 3182 554 3269 aliquo
571 3182 643 3248 dixi
661 3194 893 3269 properante‘
911 3178 1006 3263 Quid
1023 3143 1176 3267 urgues?

207 3278 274 3353 Vel
291 3310 358 3374 quo
374 3288 537 3355 festines
529 3312 592 3366 ire,
612 3291 668 3355 vel
683 3292 790 3365 unde,
809 3287 931 3354 videl’

162 3392 242 3458 Ah!
268 3395 422 3481 quotiens
440 3408 569 3463 certam
589 3419 737 3463 mesum
755 3396 914 3461 mentitus
929 3394 1059 3459 habere

209 3500 354 3577 Horam,
373 3505 567 3589 propositae
584 3525 674 3591 quae
693 3504 777 3569 foret
793 3514 873 3588 apta
890 3501 977 3566 viae.

162 3604 233 3672 Ter
249 3608 354 3674 limen
370 3611 480 3699 tetigi,
498 3623 549 3675 ter
565 3632 641 3676 sum
657 3622 850 3685 revocatuS,
868 3620 902 3674 et
916 3608 991 3694 ipse

179 3778 181 3782 ,
209 3713 399 3805 Indulgens
417 3718 533 3781 animo
549 3737 610 3801 pes
628 3715 712 3780 mihi
728 3716 845 3781 tardus
861 3727 935 3781 erat
945 3736 953 3795 ς

163 3820 277 3909 Saepe
307 3823 390 3897 Vale
406 3823 496 3895 dicto
513 3844 629 3886 rursus
646 3843 722 3886 sum
740 3822 846 3886 multa
863 3823 1010 3899 locutuS,

207 3930 253 3996 Et
267 3930 365 4018 quasi
382 3929 563 3995 discedens
579 3928 699 3993 oscula
715 3949 851 3995 summa
866 3929 968 4005 dedi3
