2709 4325
148 194 170 259 8
323 210 346 266 1.
385 189 420 257 T
413 191 456 257 lte
485 190 648 257 Creatz'on
673 190 747 255 and
767 189 824 256 the
845 188 972 255 Flood.
1060 208 1204 287 [Manen.

149 390 221 456 sive
239 409 359 455 recens
375 388 485 466 tellus,
493 386 702 473 seductaque
718 408 829 472 nuper
845 387 889 451 ab
905 388 974 453 alto
1169 404 1206 459 80

150 494 445 582 aethere,cognati
462 494 628 559 retinebat
645 495 777 559 semina
794 493 895 558 caeli.

79 619 124 698 v53
149 626 254 691 quam
271 614 364 668 satus
383 601 515 686 Iapeto,
535 601 677 666 mixtam
695 599 891 667 fluvialibus
906 600 1023 678 undis,

100 728 123 769 o
149 712 248 776 finxit
263 709 299 774 in
317 708 468 796 effigiem
486 708 724 773 moderantum
741 719 865 772 cuncta
881 708 1038 773 deorum.

96 811 124 905 ζ,
150 838 327 905 pronaque
344 837 422 881 cum
440 824 594 900 spectent
610 812 774 879 animalia
790 824 903 878 cetera
919 826 1058 891 terram,

101 938 122 973 u
150 948 189 991 os
206 924 335 998 homini
353 923 499 989 sublime
516 921 622 997 dedit,
641 920 845 1007 caelumque
861 920 948 985 tueri

100 996 144 1123 ds·
148 1032 259 1122 jussit,
278 1041 312 1096 et
327 1041 457 1095 erectos
475 1029 519 1094 ad
538 1028 651 1094 sidera
667 1027 786 1093 tollere
803 1026 929 1092 vultus.

102 1180 123 1205 n
151 1139 214 1212 sic,
234 1138 335 1213 modo
350 1158 440 1223 quae
456 1137 567 1201 fuerat
584 1135 679 1201 rudis
696 1145 729 1199 et
744 1133 819 1199 sine
836 1133 1002 1221 imagine,
1021 1135 1122 1202 tellus

84 1230 126 1261 ⁴*
151 1245 262 1312 induit
279 1244 415 1333 ignotas
432 1243 610 1309 hominum
629 1262 795 1309 conversa
814 1242 957 1325 figuras.

197 1351 335 1417 Amin
351 1352 461 1437 prima
477 1362 551 1417 sata
568 1361 619 1415 est
636 1360 743 1425 aetas,
762 1369 851 1434 quae
869 1347 1004 1414 vindice
1020 1348 1129 1425 nullm

153 1470 273 1544 sponte
291 1479 366 1533 sua,
384 1456 458 1526 sine
475 1458 553 1546 lege
570 1456 673 1524 fidem
690 1467 889 1541 rectumque
906 1455 1053 1519 colebat.

53 1646 57 1657 ¹
153 1586 265 1652 poena
282 1576 459 1651 metusque
476 1564 629 1639 aberant,
648 1583 714 1629 nec
730 1563 834 1627 verba
851 1561 998 1626 minacia
1014 1562 1086 1646 ligio

153 1694 234 1738 aere
250 1672 467 1760 legebantur,
486 1692 550 1735 nec
567 1671 714 1756 supplex
730 1670 829 1734 turba
845 1668 986 1733 timebat

149 1779 275 1869 judicis
292 1799 351 1850 ora
369 1776 434 1853 sui,
452 1778 513 1843 sed
530 1788 627 1843 erant
643 1776 716 1842 sine
728 1776 845 1865 judice
861 1774 935 1840 tuti.

154 1886 307 1951 nondum
325 1906 425 1953 caesa
442 1885 526 1959 suis,
545 1884 765 1971 peregrinum
783 1895 819 1949 ut
835 1882 960 1948 viseret
973 1881 1107 1958 orbem,

155 1992 327 2058 montibus
343 1992 378 2057 in
394 1991 542 2078 liquidas
559 1990 659 2076 pinus
675 1991 901 2057 descenderat
917 1990 1043 2067 undas,
1115 2006 1128 2056 ἲ

156 2100 319 2187 nullaque
335 2099 495 2164 mortales
512 2108 646 2184 praeter
662 2118 726 2164 sua
742 2099 844 2166 litora>
856 2108 991 2164 norant.

133 2193 308 2273 ”nondum
327 2205 530 2292 praecipites
547 2205 734 2293 cingebant
749 2206 876 2292 oppida
893 2206 1027 2273 fossae:

156 2337 225 2380 non
241 2315 322 2380 tuba
339 2313 471 2388 directi,
489 2334 558 2379 non
576 2313 664 2378 aeris
682 2334 810 2379 cornua
826 2313 921 2389 flexi,

156 2445 225 2488 non
243 2421 380 2509 galeae,
398 2441 467 2486 non
482 2419 575 2486 ensis
592 2431 709 2493 erant;
735 2420 809 2486 sine
826 2420 942 2488 militis
958 2443 1024 2488 usu

156 2529 274 2594 mollia
291 2548 432 2595 securae
449 2527 661 2614 peragebant
676 2527 745 2591 otia
761 2538 895 2614 gentes.

157 2636 232 2720 ipsa
248 2651 384 2721 quoque
400 2634 561 2708 immunis
577 2646 752 2720 rastroque
770 2634 910 2712 intacta,
927 2655 993 2701 nec
1007 2634 1088 2701 ullis

112 2725 125 2746 i
158 2740 275 2814 saucia
292 2739 499 2814 vomeribus,
517 2760 631 2824 perse
648 2740 752 2806 dabat
767 2742 882 2806 omnia
899 2743 1021 2808 tellus:

107 2904 112 2919 .
158 2847 374 2934 contentique
392 2845 477 2912 cibis
493 2847 588 2912 nullo
604 2860 751 2934 cogente
767 2851 904 2926 creatis,

157 2955 316 3019 arbuteos
333 2953 419 3029 fetus
437 2955 665 3039 montanaque
683 2954 782 3043 fraga
798 2956 974 3044 legebant,
1074 3008 1078 3020 .

158 3079 330 3146 cornaque
348 3071 380 3123 et
396 3059 430 3122 in
447 3059 541 3125 duris
558 3060 734 3126 haerentia
752 3085 848 3128 mora
865 3063 1004 3139 rubetis,
1075 3112 1079 3121 ·
1162 3093 1211 3150 ¹05

157 3179 191 3232 et
205 3188 295 3254 quae
311 3165 508 3230 deciderant
525 3167 641 3251 patula
654 3167 750 3253 Jovis
767 3170 887 3235 arbore
904 3170 1063 3257 glandes.

156 3297 218 3339 ver
234 3284 306 3339 erat
323 3282 513 3348 aeternum,
532 3275 728 3362 placidique
744 3277 934 3362 tepentibus
950 3275 1044 3363 auris

17 3442 20 3451 ,
53 3423 59 3442 ,-
158 3381 354 3470 mulcebant
370 3381 512 3469 zephyri
531 3394 627 3448 natos
644 3382 719 3448 sine
736 3382 866 3448 semine
882 3382 996 3448 fiores

158 3510 239 3553 mox
256 3487 357 3552 etiam
376 3487 493 3577 fruges
510 3489 609 3554 tellus
626 3489 759 3554 inarata
775 3489 918 3563 ferebat,
1017 3505 1020 3510 ·

158 3615 223 3659 nec
238 3607 421 3660 renovatus
439 3610 523 3683 ager
540 3596 692 3683 gravidis
710 3597 855 3661 canebat
870 3597 1002 3662 aristis:
1165 3627 1214 3667 110

157 3702 300 3768 flumina
313 3704 384 3792 jam
403 3703 513 3777 lactis,
528 3703 601 3791 jam
617 3703 760 3768 flumina
777 3704 924 3770 nectaris
940 3704 1047 3781 ibant,

157 3810 316 3898 flavaque
334 3811 376 3875 de
393 3808 491 3874 viridi
508 3809 682 3874 stillabant
698 3809 775 3874 ilice
791 3811 906 3875 mella.

154 3955 165 3991 7
204 3919 390 4006 Postquam
407 3915 556 3983 Saturno
573 3917 754 3984 tenebrosa
771 3917 804 3981 in
820 3916 967 3983 Tartara
984 3918 1090 3984 misso
1110 3997 1119 4004 ·
