2709 4325
173 239 219 308 94
293 242 297 250 ·
465 215 537 284 The
559 217 677 284 Death
702 218 751 303 os
762 217 947 285 Hercules.
1083 237 1231 310 [Murum

173 435 329 501 pascere,
347 423 381 479 et
392 414 487 479 hanc
501 417 633 500 pestem
649 425 780 500 specta,
799 415 959 491 crudelis,
979 416 1023 482 ab
1039 417 1123 496 alto,

172 541 299 607 corque
315 520 425 585 ferum
442 521 539 586 satia.
587 519 655 586 Vel
672 512 934 588 si'miserandus
952 533 986 587 et
1002 523 1092 590 hosti

172 629 239 693 hoc
255 638 351 692 aestu
366 626 426 691 tibi
444 649 533 702 sum,
552 627 633 692 diris
651 627 856 693 cruciatibus
875 649 1018 718 aegram

171 735 386 820 invisamque
402 733 554 798 animam
571 744 755 820 natamque
771 735 944 802 laboribus
963 739 1071 805 aufer.
1178 741 1230 814 186
1347 720 1348 775 ἰ

172 864 263 908 mors
277 841 360 906 mihi
373 863 497 906 munus
512 841 593 906 erit:
612 843 710 906 decet
723 844 810 908 haec
828 845 912 910 dare
926 847 1016 912 dona
1030 868 1229 914 novercam.

172 971 257 1038 ergo
273 970 340 1037 ego
357 948 551 1014 foedantem
568 948 752 1036 peregrino
772 945 900 1038 templa
919 973 1039 1019 cruore

172 1055 310 1121 Busirin
327 1053 465 1121 domui?
489 1075 661 1142 saevoque
679 1056 842 1124 alimenta
858 1061 1009 1145 parentis

170 1161 307 1228 Antaeo
324 1160 455 1246 eripui?
480 1182 544 1227 nec
561 1181 615 1227 me
632 1164 779 1247 pastoris
798 1164 921 1232 Hiberi

172 1270 282 1335 forma
297 1268 434 1354 triplex,
452 1289 518 1333 nec
533 1268 644 1334 forma
661 1270 787 1356 triplex
802 1281 875 1349 tua,
892 1271 1057 1350 Cerbere,
1076 1275 1203 1340 movit?

170 1398 291 1452 vosne,
310 1397 446 1451 manus,
463 1377 569 1442 validi
586 1379 757 1463 pressistis
773 1399 902 1444 cornua
918 1380 1028 1445 tauri?

171 1494 322 1548 vestrum
335 1503 421 1567 opus
438 1481 511 1548 Elis
525 1485 641 1561 habet,
656 1496 807 1550 vestrum
821 1483 1081 1572 Stymphalides
1093 1488 1225 1564 undae,

172 1587 463 1675 Partheniumque
481 1589 625 1656 nemus?
649 1603 761 1657 vestra
778 1592 900 1658 virtute
916 1594 1044 1659 relatus

170 1696 487 1763 Thermodontiaco
503 1699 655 1764 caelatus
670 1699 805 1764 balteus
822 1719 918 1775 auru,

172 1825 343 1892 pomaque
360 1805 404 1870 ab
421 1805 568 1872 insomni
585 1805 819 1871 concustodita
836 1804 1016 1872 dracone?
1175 1839 1229 1894 190

171 1933 238 1978 nec
254 1913 337 1978 mihi
354 1912 518 1981 Centauri
536 1924 675 1998 potuere
693 1911 861 1989 resistere,
881 1933 945 1979 nec
962 1912 1010 1978 mi

171 2019 346 2088 Arcadiae
362 2032 512 2087 vastator
529 2018 633 2106 aper?
656 2040 722 2084 nec
737 2018 863 2105 profuit
878 2019 1012 2106 hydrae
1311 2100 1318 2110 ι

173 2149 327 2196 crescere
344 2150 405 2216 per
422 2130 599 2202 damnum,
618 2126 843 2214 geminasque
860 2147 1033 2193 resumere
1050 2126 1163 2195 vires?
1257 2155 1260 2159 ²

172 2236 268 2325 quid,
288 2257 367 2302 cum
378 2235 532 2304 ,Thracis
550 2256 655 2321 equos
672 2235 825 2299 humano
842 2233 1012 2321 sanguine
1029 2233 1178 2322 pingues

172 2344 343 2431 plenaque
361 2343 559 2430 corporibus
576 2340 698 2407 laceris
715 2340 896 2426 praesepia
912 2340 995 2417 vidi,
1113 2369 1138 2397 0
1174 2373 1227 2429 195

171 2450 315 2537 visaque
331 2451 453 2539 dejeci,
473 2450 717 2534 dominumque
734 2447 895 2534 ipsosque
912 2445 1066 2533 peremi?

118 2602 120 2606 ,
172 2558 226 2622 his
242 2557 326 2623 elisa
339 2558 432 2646 jacet
448 2558 556 2623 moles
572 2555 751 2621 Nemeaea
767 2552 925 2629 lacertis;

172 2664 239 2729 hac
255 2665 390 2729 caelum
407 2665 540 2730 cervice
556 2662 631 2729 tuli.
680 2660 827 2726 Defessa
839 2660 992 2749 jubendo
1008 2671 1061 2726 est

172 2792 276 2835 saeva
288 2770 383 2857 J0vis
400 2770 571 2858 conjunx:
596 2791 663 2858 ego
681 2790 756 2834 sum
771 2767 964 2834 indefessus
981 2766 1130 2854 agenda.

172 2878 234 2943 sed
250 2898 339 2943 nova
355 2878 459 2963 pestis
477 2878 585 2952 adest,
604 2878 659 2943 cui
677 2897 742 2941 nec
757 2874 880 2941 virtute
895 2874 1020 2952 resisti,
1173 2906 1229 2947 200

171 3004 237 3049 nec
252 2983 328 3061 telis
344 2983 516 3070 armisque
533 2994 654 3069 potest.
706 2980 933 3048 Pulmonibus
949 2991 1040 3050 errat
1065 3071 1067 3074 Ι

171 3090 263 3177 ignis
279 3091 369 3155 edax
384 3089 475 3164 imis,
493 3112 622 3177 perque
639 3111 760 3156 omnes
776 3088 927 3175 pascitur
943 3099 1048 3155 artus.

172 3208 206 3260 at
221 3196 313 3261 valet
329 3194 563 3283 Eurystheusl
589 3195 633 3260 Et
649 3207 741 3272 sunt,
759 3195 817 3285 qui
835 3195 975 3260 credere
991 3194 1122 3279 possint

172 3322 247 3367 esse
264 3300 387 3367 deosi’
434 3301 541 3378 Dixit,
560 3322 689 3388 perque
707 3303 812 3368 altum
831 3301 968 3368 saucius
984 3300 1097 3366 Oeten

172 3409 265 3474 haud
282 3409 380 3474 aliter
395 3409 562 3497 graditur,
579 3430 684 3495 quam
701 3408 729 3474 si
747 3410 918 3476 venabula
936 3420 1053 3474 taurus
1173 3438 1228 3496 ²05

172 3535 314 3601 corpore
329 3515 400 3579 fixa
416 3526 525 3602 gerat,
546 3515 695 3601 factique
711 3515 875 3603 refugerit
889 3527 1018 3581 auctor.

172 3642 274 3707 saepe
290 3621 387 3686 illum
404 3622 552 3707 gemitus
568 3622 738 3697 edentem,
758 3642 861 3707 saepe
878 3623 1093 3698 frementem,

173 3749 276 3813 saepe
292 3738 552 3813 retemptantem
568 3737 655 3793 totas
671 3727 860 3815 refringere
876 3741 1001 3805 vestes,
1108 3750 1137 3763 ‘¹

173 3846 446 3922 sternentemque
463 3834 589 3911 trabes,
607 3833 880 3921 irascentemque
896 3835 1033 3903 videres

174 3942 357 4019 montibus,
376 3954 434 4007 aut
449 3940 559 4029 patrio
575 3940 771 4007 tendentem
786 3940 950 4008 bracchia
967 3942 1077 4009 caelo.
1176 3976 1234 4017 210
