2709 4325
163 223 228 298 174
535 206 687 276 Skorter
709 205 844 274 Poems.
1063 218 1215 293 [Tarsus

159 406 275 492 thue
292 403 489 480 resurrexit,
506 403 651 472 foedatis
668 405 812 490 pulvere
827 399 917 488 turpi

205 511 379 586 Crinibus
398 521 432 575 et
446 509 563 597 gelida
580 511 736 577 membra
752 509 878 576 levavit
894 509 1014 583 humo,

160 615 207 684 Se
226 617 339 692 modo,
358 616 509 684 desertos
528 615 629 682 modo
646 616 879 700 complorasse
896 612 1061 690 Penates,
1176 645 1214 704 93

204 721 343 786 Nomen
360 732 393 786 et
407 721 514 806 erepti
531 742 634 806 saepe
651 741 795 786 vocasse
812 719 897 794 viri;

159 826 237 894 Nec
253 827 427 916 gemuisse
443 827 569 902 minus,
587 825 739 913 quamsi
757 837 903 894 nataeve
919 847 1079 898 meumve
1189 916 1192 920 Ι

203 932 356 999 Vidisset
371 944 516 1002 structos
532 953 657 1018 corpus
675 933 804 1001 habere
822 955 940 1020 rogos,

158 1038 204 1106 Et
218 1039 366 1105 voluisse
383 1039 482 1114 mori,
501 1038 678 1108 moriendo
696 1060 823 1124 ponere
841 1061 963 1110 sensus
977 1076 1023 1093 -

204 1146 448 1232 Respectuque
463 1155 580 1214 tamen
595 1166 666 1212 non
682 1145 834 1214 voluisse
851 1147 932 1216 mei.
1165 1178 1218 1222 100

107 1291 109 1295 ·
157 1251 283 1322 Vivatl
309 1262 343 1317 et
358 1252 534 1321 absentem
547 1251 769 1337 —quonlam
786 1251 837 1321 sic
853 1253 923 1323 sata
938 1254 1148 1326 tulerunt—-

172 1349 175 1354 ’
203 1358 308 1428 Vivat
322 1369 360 1428 ut
375 1357 505 1428 auxilio
520 1357 803 1447 subleveturque
818 1379 897 1430 suo.

294 1701 327 1748 2.
360 1680 395 1750 T
389 1681 432 1750 hs
453 1680 590 1752 Em'le’s
614 1679 699 1750 Sr'ck.
727 1681 900 1750 Chamber
926 1680 992 1770 (iii.
1010 1678 1067 1769 3).

244 1894 342 1963 AEC
359 1917 451 1973 mea,
469 1895 497 1964 si
514 1917 598 1964 casu
614 1895 763 1972 miraris,
782 1895 926 1982 epistola
940 1913 1048 1982 quare

288 2002 441 2070 Alterius
457 2001 573 2090 digitis
590 2002 789 2088 scriptasit,
808 2022 915 2090 aeger
930 2022 1039 2076 eram.

158 2107 278 2197 Aeger
293 2110 329 2176 in
346 2109 508 2181 extremis
525 2109 633 2199 ignoti
651 2110 806 2197 partibus
822 2109 930 2187 orbis,

204 2217 427 2304 Incertusque
444 2238 542 2287 meae
560 2238 672 2304 paene
690 2218 809 2289 salutis
825 2238 935 2285 eram.

161 2322 256 2409 Quid
273 2324 357 2389 mihi
374 2344 467 2389 nunc
483 2324 590 2393 animi
607 2324 682 2391 dira
698 2323 842 2411 regione
854 2321 984 2413 jacenti
1187 2350 1190 2355 ·
1204 2351 1221 2408 ς

205 2429 298 2495 Inter
310 2429 538 2499 Sauromatas
555 2452 631 2499 esse
649 2430 825 2516 Getasque
843 2427 965 2515 putes?

159 2534 238 2601 Nec
253 2537 388 2602 caelum
405 2536 529 2622 patior,
548 2556 613 2605 nec
629 2536 728 2622 aquis
746 2536 968 2609 adsuevimus
983 2533 1069 2612 istis,
1121 2618 1129 2625 ,

204 2642 383 2730 Terraque
399 2643 600 2730 nescioquo
616 2664 686 2712 non
703 2644 818 2728 placet
832 2642 909 2729 ipsa
925 2641 1040 2711 modo.

159 2748 242 2815 Non
258 2751 381 2816 domus
398 2750 588 2836 aptamus,
608 2771 678 2822 non
695 2749 754 2816 hic
769 2750 865 2817 cibus
882 2741 974 2817 utilis
990 2766 1121 2836 aegro;

205 2856 345 2933 Nullus,
363 2855 549 2943 Apollines
565 2858 624 2946 qui
641 2858 734 2925 levet
747 2869 820 2923 arte
836 2856 989 2932 malum
1187 2887 1218 2926 rs

160 2962 241 3029 Non
258 2964 316 3051 qui
332 2965 472 3040 soletur,
491 2985 560 3030 non
576 2964 635 3052 qui
651 2963 804 3035 labentia
821 2963 917 3032 tarde

204 3070 381 3158 Tempora
397 3072 568 3139 narrando
585 3071 694 3148 fallat,
713 3069 846 3141 amicus
862 3070 972 3141 adest.

160 3175 292 3244 Lassus
309 3179 344 3242 in
361 3178 521 3245 extremis
533 3177 634 3267 jaceo
650 3178 855 3265 populisque
872 3176 1040 3263 locisque,

205 3283 251 3349 Et
266 3284 356 3349 subit
373 3285 505 3353 adfecto
521 3305 613 3350 nunc
630 3284 728 3360 mihi,
746 3284 909 3371 quiequid
927 3284 1036 3351 abest.

162 3390 289 3456 Omnia
306 3413 383 3457 cum
401 3392 558 3467 subeant,
575 3390 686 3460 vincis
700 3402 818 3460 tamen
833 3390 966 3469 omnia,
983 3389 1150 3480 conjunx,
1184 3419 1213 3476 15

206 3497 250 3564 Et
267 3500 343 3584 plus
359 3498 393 3563 in
409 3511 525 3567 nostro
541 3508 678 3584 pectore
695 3509 792 3584 parte
807 3510 918 3568 tenes.

160 3601 214 3667 Te
231 3604 350 3688 loquor
366 3604 555 3677 absentem,
573 3613 605 3666 te
621 3623 691 3666 vox
706 3622 785 3667 mea
800 3604 956 3689 nominat
970 3623 1099 3677 unam;

206 3709 313 3774 Nulla
329 3709 422 3783 venit
437 3708 511 3775 sine
526 3718 559 3771 te
575 3729 645 3773 nox
661 3707 760 3784 mihi,
777 3710 874 3776 nulla
889 3710 975 3776 dies.

162 3814 256 3900 Quin
275 3814 375 3880 etiam
393 3814 442 3879 sic
458 3833 513 3878 me
530 3812 646 3877 dicunt
662 3813 776 3879 aliena
794 3816 958 3893 locutum,

206 3922 255 3989 Ut
269 3923 355 3989 foret
370 3918 497 3988 amenti
514 3939 640 3986 nomen
656 3918 692 3984 in
708 3941 768 3988 ore
785 3931 890 3987 tuum.
