2709 4325
116 240 250 313 11.3ro.]
327 218 479 311 Appeal
498 225 547 312 qs
559 225 618 292 tlte
638 224 758 292 Earth
778 234 814 292 to
843 224 1002 315 Jupiter.
1133 244 1175 316 27

113 440 217 505 quam
234 420 326 486 solet
342 440 433 497 esse,
452 420 528 498 fuit,
547 442 715 509 sacraque
730 421 777 487 ita
791 443 879 489 voce
894 423 1009 489 locuta
1024 434 1096 491 est:

157 524 222 590 ‘Si
258 526 379 611 placet
409 528 490 603 hoc,
524 528 716 615 meruique,
748 528 832 615 quid
869 528 903 595 O
940 539 1000 595 tua
1029 532 1175 599 fulmina

249 642 405 707 cessant,

113 758 247 803 summe
265 736 395 803 deum?
419 736 523 805 liceat
538 739 710 825 periturae
724 738 856 806 viribus
871 739 962 829 ignis
1121 764 1174 819 230

112 843 192 931 igne
208 843 328 929 perire
343 854 415 920 tuo,
434 844 639 932 clademque
655 857 794 911 auctore
809 847 938 912 levare.

111 950 168 1014 vix
183 950 353 1037 equidem
368 950 489 1017 fauces
504 952 593 1017 haec
608 952 685 1037 ipsa
699 952 736 1016 in
750 952 857 1017 verba
872 954 1082 1021 resolvo'-

113 1067 286 1140 presserat
301 1077 364 1121 ora
380 1068 565 1142 vapor—‘
580 1068 685 1125 tostos
701 1079 745 1124 en
762 1058 878 1144 aspice
894 1061 1019 1139 crines,

112 1161 214 1248 inque
231 1161 344 1227 oculis
360 1172 505 1239 tannim,
523 1174 655 1232 tantum
671 1159 851 1250 superora
866 1164 1019 1233 favillae.

112 1265 325 1334 hosnemihi
341 1267 483 1346 fructus,
503 1270 595 1345 hunc
612 1270 793 1337 futilitatis
808 1271 975 1339 honorem
1117 1294 1169 1363 285
1255 1354 1258 1359 ,

111 1374 284 1465 officiique
300 1374 420 1451 refers,
438 1377 532 1463 quod
549 1376 674 1445 adunci
690 1378 835 1443 vulnera
852 1378 955 1443 aratri
1034 1427 1038 1435 .
1154 1403 1168 1429 a

111 1488 367 1567 rastrorumque
383 1481 471 1557 fero,
488 1493 626 1569 totoque
642 1502 808 1549 exerceor
824 1504 930 1559 anno,

112 1587 201 1673 qnod
216 1586 336 1672 pecori
353 1585 493 1653 frondes
511 1588 739 1675 alimentaque
757 1588 852 1655 mitia
883 1589 1002 1677 fruges

110 1692 265 1783 humano
281 1694 415 1780 generi,
432 1694 531 1759 vobis
547 1716 684 1782 quoque
698 1707 776 1759 tura
792 1694 968 1762 ministro?

112 1800 169 1865 sed
185 1810 306 1864 tamen
321 1800 463 1865 exitium
481 1800 537 1865 fac
553 1801 804 1877 me-meruisse‚
822 1801 906 1888 quid
920 1804 1065 1880 undae}
1113 1836 1168 1893 ²9⁰

110 1906 190 1991 quid
208 1906 335 1971 meruit
350 1904 477 1971 frater?
501 1927 562 1971 cur
577 1907 626 1972 illi
642 1906 767 1973 tradita
782 1919 873 1974 sorte

110 2032 264 2098 aequora
279 2012 484 2078 decrescunt
499 2024 533 2089 et
549 2013 592 2079 ab
609 2014 748 2081 aethere
764 2013 904 2102 longius
918 2013 1063 2081 absunt?

110 2118 201 2206 quod
218 2117 248 2184 si
265 2138 331 2185 nec
346 2118 474 2194 fratris,
492 2129 608 2185 necte
624 2140 703 2186 mea
719 2120 831 2210 gratia
847 2121 971 2210 tangit,

110 2238 143 2292 at
154 2225 249 2292 caeli
265 2226 428 2291 miserere
443 2225 491 2291 tui
505 2224 513 2291 l
539 2226 764 2312 circumspice
781 2239 982 2315 utrumquez

109 2332 217 2399 fumat
231 2344 376 2420 uterque
392 2334 513 2420 polust
537 2327 624 2421 quos
640 2335 669 2401 si
687 2334 854 2401 vitiaverit
869 2335 974 2426 ignis,
1111 2369 1162 2426 295

109 2440 193 2508 atn'a
209 2450 325 2506 vestra
340 2451 469 2506 ruent«
499 2439 600 2507 Atlas
616 2463 659 2508 en
677 2442 751 2528 ipse
767 2443 912 2520 laborat,

107 2548 235 2636 vixque
250 2549 324 2637 suis
339 2547 491 2614 humeris
506 2550 712 2616 candentem
728 2552 871 2618 sustinet
887 2573 1002 2618 axem.

109 2656 136 2720 si
150 2656 252 2731 freta,
272 2655 301 2721 si
308 2663 429 2722 terrae
447 2667 603 2743 pereunt,
620 2658 649 2724 si
665 2635 764 2746 re'gia
780 2659 881 2735 caeli,

108 2761 142 2826 in
157 2764 267 2830 chaos
283 2747 460 2852 antiquum
479 2765 732 2832 confundimur.
781 2765 886 2852 Eripe
900 2765 1063 2843 flammis,
1125 2799 1130 2809 ·
1159 2784 1177 2801 ”
1211 2767 1215 2774 ’

109 2870 219 2958 siquid
236 2872 354 2939 adhuc
369 2884 535 2958 superest,
554 2883 588 2938 et
603 2894 718 2938 rerum
734 2875 875 2939 consule
891 2873 1072 2939 summae.'
1108 2906 1161 2958 300

150 2977 299 3044 Dixerat
314 2980 403 3044 haee'
418 2979 561 3046 Tellusr
585 2987 698 3068 n'eque
714 2980 805 3045 enim
822 2982 969 3046 tolerare
984 3001 1147 3066 vaporem

108 3084 247 3150 ulterius
264 3071 386 3171 potuit,
402 3103 468 3152 nec
484 3088 598 3152 dicere
614 3089 735 3172 plura3
760 3107 930 3173 suumque

108 3191 231 3258 rettulit
247 3213 287 3258 os
302 3191 339 3256 in
356 3213 393 3257 se
409 3192 637 3280 propioraque
653 3192 819 3260 Manibus
836 3204 947 3258 antra.

111 3305 122 3333 ⁷
148 3296 197 3362 At
212 3303 313 3383 pater
327 3299 555 3384 omnipotens,
574 3309 717 3384 superos
732 3310 873 3365 testatus
889 3312 923 3364 et
938 3301 1050 3384 ipsum

107 3403 160 3489 qui
177 3403 324 3494 dederat
339 3423 471 3480 currus,
490 3404 555 3470 nisi
570 3427 672 3490 opem
690 3405 788 3481 ferat,
806 3405 922 3471 omnia
938 3405 1007 3472 fato
1105 3438 1157 3494 305

107 3507 282 3576 interitura
298 3510 408 3597 gravi,
427 3531 597 3577 summam
613 3513 697 3596 petit
712 3512 840 3577 arduus
856 3532 985 3587 arcem,

59 3609 61 3615 ’
105 3615 196 3680 unde
213 3614 303 3680 solet
316 3615 393 3680 latis
408 3617 519 3681 *nubes
534 3616 698 3680 inducere
713 3615 825 3689 terris,

105 3721 195 3786 unde
213 3730 330 3784 movet
345 3720 500 3795 tonitrus,
517 3721 717 3804 vibrataque
733 3718 877 3781 fulmina
890 3717 1007 3802 jactat.

106 3827 164 3890 sed
180 3843 311 3908 neque,
329 3843 415 3910 quas
430 3834 546 3909 posset
560 3823 658 3886 terris
674 3823 851 3891 inducere,
869 3820 978 3881 nubes

106 3941 184 3994 tunc
201 3928 337 4004 habuit,
355 3947 420 3994 neo
436 3949 522 4014 quos
539 3928 636 3990 caelo
653 3925 848 3996 dimitteret,
864 3920 1004 3992 imbres·
1105 3941 1163 3992 310.
