2709 4325
159 219 224 288 126
264 315 267 320 Ι
381 223 535 311 Rzealry
558 223 605 310 of
618 222 718 310 Ajax
741 224 815 288 and
842 220 990 309 Ulysses.
1061 238 1209 310 [Marsa.

157 419 233 507 quis
250 417 335 485 fuit?
358 431 408 486 est
425 420 555 486 Hector
570 420 717 486 violatus
733 420 875 487 vulnere
892 419 999 485 nullo.
1176 491 1179 495 ,

205 537 213 566 ‘
230 526 291 591 Me
307 527 470 592 miserum
485 525 492 592 l
518 539 644 613 quanto
662 539 769 612 cogor
785 525 982 597 meminisse
998 524 1116 593 dolore
1157 541 1211 594 280

54 643 56 648 '
157 634 320 718 temporis
336 634 440 709 illius,
458 655 527 720 quo
544 633 690 702 Graium
707 655 840 706 murus,
856 630 1014 696 Achilles

158 739 358 826 procubuit!
385 761 452 806 nec
465 763 521 806 me
538 741 703 806 lacrimae
719 739 873 804 luctusve
889 737 1033 804 timorve

157 846 346 922 tardarunt,
364 847 448 933 quin
466 868 588 931 corpus
605 846 711 912 humo
727 845 873 916 sublime
885 845 1065 918 referrem.
1093 884 1097 892 .

159 953 212 1019 his
229 954 393 1030 humeriS,
408 953 474 1029 his,
490 953 642 1039 inquam,
658 951 809 1018 humeris
821 973 889 1039 ego
905 970 1028 1036 corpus
1043 949 1209 1028 Achillis,

117 1072 119 1075 ’
158 1071 191 1126 et
207 1061 309 1126 simul
326 1082 423 1126 arma
439 1060 513 1136 tuli,
532 1081 621 1147 quae
637 1081 730 1128 nunc
746 1081 882 1146 quoque
898 1058 987 1123 ferre
1004 1058 1135 1130 laboro.
1156 1074 1210 1142 285
1234 1083 1238 1088 ·

204 1167 317 1233 ‘Sunt
333 1167 429 1244 mihi,
447 1188 537 1254 quae
553 1167 691 1233 valeant
706 1165 742 1231 in
758 1165 840 1230 talia
856 1164 1023 1249 pondera,
1040 1164 1152 1238 vires,

158 1283 209 1338 est
226 1274 359 1338 animus
376 1285 468 1340 certe
483 1285 614 1338 vestros
630 1293 793 1342 sensurus
809 1273 969 1338 honores.

158 1379 287 1444 scilicet
302 1379 430 1446 idcirco
447 1401 509 1465 pro
525 1391 630 1468 gnato
648 1379 787 1446 caerula
804 1390 913 1443 mater

158 1486 338 1553 ambitiosa
355 1507 417 1552 suo
434 1486 507 1561 suit,
527 1497 563 1550 ut
579 1485 741 1552 caelestia
758 1485 862 1561 dona,
937 1502 939 1505 ·

90 1591 92 1598 ’
158 1594 239 1656 artis
255 1614 342 1677 opus
359 1604 485 1668 tantae,
504 1591 597 1660 rudis
615 1603 648 1657 et
662 1591 739 1663 sine
752 1602 891 1678 pectore
908 1591 1007 1660 miles
1158 1622 1216 1679 290

157 1698 336 1764 indueret?
360 1721 472 1786 neque
489 1698 580 1765 enim
598 1698 700 1783 clipei
717 1699 911 1764 caelamina
927 1699 1026 1774 norit,

159 1804 339 1870 Oceanum
356 1817 389 1871 et
404 1815 525 1881 terras,
544 1825 692 1890 cumque
708 1805 778 1868 alto
793 1805 906 1870 sidera
925 1805 1035 1880 caelo,

158 1909 399 1998 Pleiadasque,
442 1911 667 1999 Hyadesque,
710 1911 967 1997 immunemque
1006 1909 1166 1997 aequoris

291 2016 438 2093 Arcton,
635 2005 636 2008 Ἴ
1140 2032 1154 2044 ’“

159 2123 379 2212 diversasque
396 2125 512 2202 urbes,
530 2125 745 2213 nitidumque
760 2124 899 2191 Orionis
914 2145 1044 2191 ensem.

158 2232 306 2316 postulat
323 2240 359 2295 ut
375 2232 488 2316 capiat
503 2241 591 2318 quae
609 2255 677 2297 non
694 2233 861 2320 intellegit
872 2254 987 2301 arma.
1159 2263 1214 2321 295

205 2347 215 2377 ⁴
231 2334 327 2423 Quid
343 2339 434 2425 quod
451 2360 522 2413 me,
537 2339 613 2405 duri
629 2338 818 2426 lugientem
834 2360 978 2405 munera
993 2337 1087 2414 belli,

160 2442 274 2529 arguit
288 2442 448 2527 incoepto
464 2466 578 2509 serum
597 2445 785 2513 accessisse
801 2445 923 2521 labori,
955 2480 958 2485 ·

158 2569 225 2616 nec
240 2569 277 2613 se
295 2549 518 2636 magnanimo
536 2551 745 2617 maledicere
760 2551 862 2618 sentit
876 2549 1030 2619 Achilli?

159 2654 188 2719 si
204 2654 384 2720 simulasse
401 2677 505 2721 vocas
522 2657 664 2731 crimen,
684 2657 921 2727 simulavimus
938 2657 1061 2736 ambo3
1087 2729 1090 2734 ,

160 2758 187 2823 si
206 2779 301 2823 mora
317 2780 379 2844 pro
397 2760 498 2844 culpa
516 2770 580 2835 est,
597 2780 665 2847 ego
682 2782 759 2825 sum
777 2761 940 2832 maturior
956 2762 1027 2825 illo.
1160 2792 1217 2846 300

159 2885 215 2928 me
231 2863 288 2949 pia
304 2863 447 2929 detinuit
464 2866 627 2953 conjunx,
646 2866 705 2951 pia
721 2878 830 2931 mater
844 2866 1040 2941 Achillem3

160 2969 339 3055 primaque
355 2984 433 3038 sunt
449 2972 516 3036 illis
534 2972 612 3037 data
627 2984 796 3057 tempora,
813 2985 928 3040 cetera
944 2974 1055 3038 vobis.

160 3074 254 3142 haud
270 3076 386 3150 timeo,
404 3076 433 3140 si
445 3076 523 3164 jam,
536 3096 670 3163 nequeo
685 3078 871 3147 defendere
883 3080 1018 3145 crimen

160 3200 238 3244 cum
255 3191 347 3244 tanto
359 3202 547 3249 commune
563 3184 648 3247 viro.
699 3184 899 3269 Deprensus
915 3184 1032 3259 Ulixis

159 3286 300 3372 ingenio
316 3298 431 3353 tamen
448 3288 518 3363 ille,
537 3300 572 3353 at
589 3311 656 3355 non
674 3290 794 3378 Ajacis
809 3291 945 3357 Ulixes.
1085 3378 1086 3381 Ἴ
1159 3323 1214 3380 305

207 3391 331 3458 ‘Neve
347 3392 382 3457 in
399 3415 454 3459 me
470 3395 612 3461 stolidae
630 3396 784 3462 convicia
800 3397 944 3461 fundere
960 3397 1102 3484 linguae

161 3498 370 3563 admiremur
386 3520 477 3576 eum,
496 3501 593 3567 vobis
610 3524 746 3589 quoque
762 3503 870 3589 digna
886 3504 1017 3587 pudore

159 3602 274 3669 obicit.
323 3604 381 3681 An
398 3606 483 3672 falso
500 3606 712 3685 Palameden
728 3607 870 3673 crimine
883 3620 983 3693 turpe
1025 3678 1028 3687 ,

160 3728 341 3774 accusasse
359 3710 454 3787 mihi,
473 3711 570 3777 vobis
587 3712 770 3777 damnasse
787 3713 948 3777 decorum
967 3711 1039 3777 est?

159 3815 220 3881 sed
236 3837 348 3903 neque
364 3816 580 3903 Naupliades
596 3816 730 3895 facinus
746 3818 931 3884 defendere
947 3830 1079 3885 tantum
1161 3853 1217 3907 310

157 3930 296 4009 tamque
312 3934 434 4009 pateus
450 3923 569 4012 valuit,
586 3945 650 3989 nec
666 3946 728 3991 vos
743 3925 886 3992 audistis
902 3924 938 3989 in
953 3925 1013 4005 illo
