2709 4325
132 238 153 292 l.
170 250 195 306 3,
209 237 269 310 92.]
437 221 620 288 Bam'sked
628 223 734 308 from
757 220 881 287 Rome.
1115 235 1180 307 173

130 415 236 500 Saepe
253 419 378 483 eadem
397 419 559 484 mandata
575 417 667 495 dedi,
687 439 810 505 meque
826 417 900 503 ipse
916 417 1036 495 fefelli,

168 521 377 608 Respiciens
394 525 503 590 oculis
519 524 665 612 pignora
683 545 764 589 cara
781 520 878 590 meis.
1143 541 1179 595 60

129 628 282 716 Denique
300 641 309 670 ⁴
324 629 425 716 Quid
448 629 615 717 propero?
640 629 786 718 Scythia
809 641 873 707 est,
898 652 966 718 quo
991 630 1178 708 mittimur,’

302 736 466 823 inquam;
1056 743 1060 748 ’

170 841 309 907 ‘Roma
327 843 551 928 relinquenda
568 853 638 908 est:
663 853 809 931 utraque
821 842 914 932 justa
928 864 1026 909 mora
1042 853 1101 910 est

19 945 23 1001 !
127 949 221 1015 Uxor
237 949 273 1012 in
291 961 468 1014 aeternum
484 950 563 1015 vivo
580 949 663 1014 mihi
680 950 758 1015 viva
776 963 935 1038 negatur,

167 1054 211 1119 Et
227 1054 350 1120 domus
368 1066 401 1119 et
417 1055 506 1120 fidae
522 1055 637 1120 dulcia
656 1057 810 1122 membra
826 1057 963 1134 domus,

127 1160 291 1248 Qosque
308 1181 375 1247 ego
392 1160 540 1227 fraterno
557 1162 662 1226 dilexi
680 1183 774 1228 more
790 1163 941 1240 sodales,
1141 1180 1175 1252 65

167 1269 199 1334 0
215 1267 302 1333 mihi
317 1267 457 1334 Thesea
474 1280 613 1354 pectora
625 1268 745 1357 juncta
762 1269 851 1335 fidel

45 1425 47 1430 -
126 1375 215 1441 Dum
232 1377 326 1452 licet,
344 1374 553 1460 amplectar:
577 1395 766 1462 numquam
783 1377 927 1443 fortasse
943 1377 1059 1445 licebit

166 1483 349 1569 Amplius:
371 1482 406 1548 in
422 1483 517 1547 lucro
534 1493 585 1548 est
600 1503 690 1570 quae
706 1484 806 1548 datur
823 1486 906 1550 hora
924 1484 1030 1549 mihi.’

125 1590 198 1657 Nec
214 1612 325 1667 mora,
343 1589 510 1655 sermonis
526 1592 631 1656 verba
648 1591 836 1676 inperfecta
853 1593 1022 1679 relinquo,

167 1689 410 1784 Complectens
428 1697 543 1791 animo
559 1699 718 1784 proxima
734 1695 891 1786 quaeque
907 1721 998 1765 meo.
1140 1730 1175 1785 70

126 1805 214 1871 Dum
232 1807 352 1893 loquor
369 1815 402 1870 et
416 1803 552 1880 flemus,
571 1807 668 1871 caelo
685 1806 908 1872 nitidissimus
925 1807 1007 1882 alto,

166 1913 274 1978 Stella
291 1912 407 2000 gravis
423 1911 534 1988 nobis,
552 1911 694 1978 Lucifer
709 1924 802 1979 ortus
818 1925 911 1978 erata

125 2019 267 2086 Dividor
283 2019 376 2084 haud
394 2019 503 2094 aliter,
521 2039 625 2106 quam
643 2019 670 2085 si
688 2041 766 2086 mea
783 2021 938 2085 membra
954 2019 1160 2108 relinquam,

166 2125 210 2192 Et
221 2148 307 2220 pars
323 2126 480 2212 abrumpi
498 2145 640 2213 corpore
656 2127 732 2195 visa
748 2149 811 2194 suo
827 2138 890 2193 est.

125 2232 181 2300 Sic
196 2235 305 2301 doluit
321 2233 450 2299 Mettus
466 2246 560 2309 tunc,
579 2256 658 2299 cum
676 2234 711 2299 in
727 2235 899 2301 contraria
913 2256 1033 2301 versos
1139 2265 1172 2322 75

166 2341 306 2408 Ultores
322 2341 442 2405 habuit
457 2333 657 2425 proditionis
674 2363 792 2429 equos.
808 2343 810 2346 ’

124 2447 213 2512 Tum
229 2469 313 2512 vero
330 2447 480 2512 exoritur
496 2447 627 2512 clamor
643 2449 860 2535 gemitusque
877 2468 1045 2524 meorum,

167 2554 212 2633 Et
225 2542 351 2619 feriunt
367 2565 517 2619 maestae
534 2564 672 2639 pectora
689 2556 783 2620 nuda
799 2576 934 2620 manus.

124 2659 212 2725 Tum
229 2683 312 2726 vero
328 2660 492 2747 conjunx,
511 2661 665 2725 humeris
681 2661 837 2726 abeuntis
853 2662 1048 2737 inhaerens,

166 2766 308 2833 Miscuit
322 2768 410 2834 haec
426 2766 576 2833 lacrimis
593 2766 700 2832 tristia
716 2767 806 2833 dicta
823 2768 916 2849 suis:
1073 2797 1076 2802 >
1138 2786 1173 2839 80

126 2872 228 2939 ‘Non
245 2874 481 2959 potesavelli=
506 2874 621 2949 simul,
640 2867 707 2938 ahi
732 2874 833 2939 simul
850 2873 993 2938 ibimus’
1006 2872 1136 2961 inquit3
1216 2958 1220 2966 ι

156 2992 176 3047 .‘
190 2981 245 3045 Te
262 3002 387 3067 sequar
401 2992 435 3046 et
450 2979 601 3070 conjunx
617 2980 747 3047 exsulis
763 2981 862 3046 exsul
878 3000 951 3045 ero.

124 3084 166 3152 Et
181 3088 263 3152 mihi
280 3088 371 3152 sacta
386 3087 443 3151 via
459 3099 522 3163 est,
540 3098 574 3152 et
590 3108 645 3152 me
660 3086 754 3173 capit
769 3088 888 3152 ultima
904 3087 1027 3151 tellusr

165 3194 344 3287 Accedam
361 3193 529 3282 profugae
545 3194 682 3260 sarcina
699 3216 805 3279 parva
821 3194 898 3257 rati.

123 3298 174 3367 Te
186 3302 284 3391 jubet
301 3302 446 3387 a-patria
462 3302 638 3367 discedere
655 3300 818 3367 Caesaris
831 3296 897 3376 ira‚'
1137 3318 1171 3387 85

166 3409 227 3475 Me
244 3410 374 3495 pietas:
398 3410 507 3496 pietas
524 3410 612 3473 haec
628 3408 712 3474 mihi
728 3407 860 3475 Caesar
875 3406 963 3473 erit.’

122 3513 221 3581 Talia
239 3518 438 3602 temptabat,
457 3516 544 3581 sicut
559 3527 784 3600 temptaverat
801 3525 891 3592 ante,

164 3624 303 3711 Vixque
320 3623 413 3688 dedit
428 3623 536 3688 victas
552 3622 694 3687 utilitate
712 3642 846 3686 manus.

122 3728 303 3819 Egredior‚
317 3766 364 3792 -.-
375 3730 446 3795 sive
462 3729 546 3793 illud
564 3740 637 3793 erat
654 3729 728 3793 sine
744 3728 863 3792 funere
881 3728 973 3805 ferri,

164 3836 352 3924 Squalidus
370 3835 518 3899 inmissis
536 3835 623 3898 hirta
640 3855 778 3919 perora
795 3835 912 3898 comis.
1135 3864 1171 3918 90

121 3941 182 4007 llla
200 3943 318 4007 dolore
335 3961 455 4004 amens
471 3939 619 4004 tenebris
636 3949 793 4001 narratur
808 3938 934 4002 obortis

164 4043 386 4111 Semianimis
402 4042 515 4106 media
532 4040 755 4127 procubuisse
772 4040 894 4110 domo;
