2709 4325
122 280 142 332 Ι.
168 280 240 352 147.]
347 322 351 330 .
494 262 564 329 The
586 261 690 330 Four
710 263 819 351 Ages.

119 460 175 524 sub
187 460 277 545 Jove
295 459 457 529 mundus
474 471 557 538 erat,
576 434 681 527 subiit
695 468 865 547 argentea
881 461 1009 548 proles,

118 588 194 632 auro
211 568 383 645 deterior,
403 568 498 633 fulvo
515 568 694 653 pretiosior
710 588 803 633 aere.

112 672 266 759 -Juppiter
285 673 425 761 antiqui
442 674 610 739 contraxit
625 685 779 759 tempora
795 674 899 751 veria,

40 830 44 836 .
116 802 241 867 perque
259 782 403 846 hiemes
421 793 602 867 aestusque
619 792 652 846 et
668 780 867 867 inaequalem
884 786 1066 850 mtumnos
1231 812 1255 833 ·¹

94 897 145 967 get
159 887 266 953 breve
283 910 352 962 ver
368 887 488 973 spatiis
504 888 621 976 exegit
635 872 795 973 quattuor
810 907 952 953 annum.

78 994 181 1071 ,fillum
201 993 362 1079 primum
380 994 482 1060 siccis
498 1000 557 1059 aer
573 994 764 1059 tervoribus
779 1006 875 1060 ustus

103 1099 270 1176 canduit,
291 1112 329 1167 et
344 1101 457 1167 ventis
473 1101 604 1188 glacies
621 1101 780 1165 adstricta
797 1101 971 1187 pependit.
1130 1134 1180 1175 120

91 1183 182 1301 sstom
200 1206 361 1292 primum
378 1207 513 1273 subiere
530 1208 672 1273 domus:
698 1208 821 1273 domus
837 1219 934 1273 antra
951 1207 1087 1276 luerunt

91 1298 265 1379 tudensi
283 1315 427 1381 frutices
444 1323 478 1380 et
492 1314 627 1379 vinctae
644 1314 769 1379 cortice
784 1314 917 1401 virgae.

78 1405 250 1501 [semina
268 1434 345 1485 turn
362 1421 510 1507 primum
524 1420 639 1508 longis
651 1418 811 1486 Cerealia
826 1421 931 1487 sulcis

78 1525 237 1594 tuobruta
258 1540 354 1603 sunt,
373 1528 549 1615 pressique
562 1527 649 1616 jugo
666 1548 831 1615 gemuere
843 1527 995 1617 juvenci.

71 1638 82 1709 ᾗ
99 1698 112 1725 ι
132 1634 286 1707 ιΤειιιίει
305 1647 383 1720 post
398 1634 475 1699 illas
490 1634 654 1701 successit
669 1640 778 1699 alinea
795 1636 921 1719 proles,
1129 1665 1178 1723 125

68 1731 255 1843 'Li-{saevior
272 1740 438 1829 ingeniis,
456 1752 489 1807 et
505 1742 549 1807 ad
566 1740 704 1809 horrida
720 1741 907 1827 promptior
924 1762 1032 1819 arma,

118 1870 186 1913 non
203 1849 378 1915 scelerata
394 1860 523 1913 tamen.
533 1884 579 1897 --
589 1846 643 1913 De
661 1848 747 1913 duro
761 1860 814 1913 est
828 1847 948 1913 ultima
951 1850 1076 1935 ferro.

29 1987 34 1998 ·
120 1956 276 2040 protinus
289 1953 418 2042 inrupit
430 1976 539 2021 venae
556 1954 682 2043 pejoris
699 1953 875 2021 in'aevum

120 2082 223 2129 omne
240 2062 363 2140 nefas:
388 2062 509 2151 fugere
525 2063 636 2148 pudor
652 2084 841 2151 verumque
856 2063 1031 2150 fidesquez

120 2169 321 2258 inquorum
338 2170 473 2238 subiere
489 2171 604 2238 locum
620 2170 825 2258 fraudesque
842 2172 981 2259 dolique
1129 2205 1178 2258 130

120 2276 342 2367 insidiaeque.
354 2292 388 2346 et
402 2281 455 2346 vis
471 2290 505 2346 et
521 2299 618 2345 amor
633 2280 820 2345 sceleratus
837 2280 997 2346 habendi.

122 2387 199 2452 vela
215 2388 347 2454 dabant
361 2388 485 2464 ventis,
497 2409 618 2454 -nec
634 2388 750 2454 adhuc
765 2389 854 2454 bene
871 2398 1013 2454 noverat
1028 2388 1106 2453 illos

123 2495 307 2572 navita‚.-
318 2515 476 2582 quaeque
493 2494 552 2560 diu
568 2505 731 2561 steterant
745 2495 780 2560 in
796 2495 968 2561 montibus
985 2496 1074 2571 altis,

102 2675 106 2684 ι
123 2599 282 2666 fluctibus
298 2601 425 2689 ignotis
441 2601 647 2667 insultavere
665 2601 816 2667 carinae.

90 2696 412 2796 fwcommunemque
429 2708 536 2794 prius,
554 2728 618 2773 ceu
635 2709 766 2772 lumina
782 2709 864 2775 solis
881 2719 914 2775 et
929 2729 1044 2785 auras,
1128 2738 1176 2794 135

76 2840 103 2888 *t
126 2826 244 2881 cautus
261 2816 405 2880 humum
420 2815 527 2902 longo
544 2815 695 2903 signavit
709 2816 817 2881 limite
834 2837 980 2880 mensor.

11 2993 13 3028 r
97 2921 188 2987 lnec
204 2932 336 2990 tantum
353 2931 490 3012 segetes
507 2921 738 3008 alimentaque
755 2921 870 2986 debita
886 2922 1003 2990 dives

11 3029 13 3072 t
125 3028 331 3112 poscebatur
346 3028 483 3104 humus,
502 3029 587 3094 sed
579 3041 661 3093 rtum
680 3027 781 3094 estin
797 3027 930 3092 viscera
944 3039 1077 3122 terrae3

126 3155 278 3222 quasque
295 3106 534 3201 recoirdiderat
550 3135 753 3224 Stygiisque
771 3117 971 3202 admoverat
983 3134 1130 3210 umbris,

126 3241 332 3307 effodiuntur
346 3263 442 3326 opes,
460 3242 677 3307 inritamenta
694 3242 875 3306 malorum.
1129 3273 1178 3323 140

161 3347 314 3434 Jamque
324 3369 459 3424 ⁴nocens
474 3347 616 3422 ferrum,
633 3348 791 3434 ferroque
807 3348 986 3413 nocentius
1001 3369 1123 3412 aurum

125 3455 317 3540 prodierat3
343 3457 454 3541 prodit
471 3455 620 3530 Bellum,
639 3455 731 3542 quod
748 3466 880 3542 pugnat
894 3466 1051 3540 utroque,

125 3563 387 3654 sanguineaque
403 3583 508 3627 manu
526 3562 726 3648 crepitantia
743 3562 892 3626 concutit
908 3582 1017 3625 arma.

93 3737 100 3748 ‚
124 3669 249 3734 vivitur
265 3691 309 3734 ex
325 3681 443 3754 raptu:
467 3690 537 3733 non
554 3669 681 3752 hospes
697 3667 740 3730 ab
758 3667 890 3750 hospite
905 3672 1009 3737 tutus,

88 3760 100 3842 s
125 3796 195 3840 non
212 3795 312 3840 socer
327 3795 348 3838 a
364 3796 515 3864 genero3
538 3774 682 3837 fratrum
699 3791 837 3856 quoque
853 3769 964 3856 gratia
979 3785 1057 3829 rara
1073 3773 1136 3825 est.

87 3888 100 3908 ⁶
99 3881 284 3976 imminet
299 3881 402 3946 exitio
418 3880 470 3946 vir
486 3879 657 3966 conjugis,
676 3877 736 3939 illa
752 3874 885 3947 mariti3

125 3988 241 4053 lurida
256 3985 424 4052 terribiles
439 3985 585 4050 miscent
600 3981 736 4067 aconita
752 3995 942 4044 novercae3
