2709 4325
113 307 160 364 tv.
180 308 254 381 aa]
536 289 607 358 The
629 291 745 358 Fasti.

110 487 214 552 Fossa
230 488 381 574 repletur
397 489 516 563 humo,
535 487 729 574 plenaeque
744 486 931 573 imponitur
946 506 1020 562 ara,

150 593 194 658 Et
209 615 319 660 novus
337 616 484 660 accenso
500 595 654 680 fungitur
671 594 753 680 igne
771 593 878 658 focus.

109 699 191 764 Inde
207 721 369 785 premens
386 701 507 785 stivam
526 700 685 786 designat
702 700 837 790 moenia
855 699 972 764 sulco:
1113 719 1164 787 8²5

149 805 243 871 Alba
255 807 381 894 jugum
398 807 498 872 niveo
514 826 593 871 cum
611 807 698 870 bove
714 826 822 870 vacca
838 806 925 870 tulit.

108 913 184 978 Vox
201 913 265 978 fuit
281 915 369 978 haec
385 912 498 1000 regis:
529 910 712 986 Condenti,
736 909 922 999 Juppz'ter,
941 914 1059 978 urbem

149 1019 201 1085 Et
211 1021 357 1106 genetur
371 1019 520 1084 Mavors
550 1017 717 1103 Vestaque
732 1027 858 1107 males,
876 1020 982 1084 odes!

108 1124 272 1212 „Quosque
282 1127 385 1212 pium
402 1133 450 1190 est
466 1125 630 1188 adhibere
645 1125 739 1200 deoc,
757 1125 929 1190 advertite
944 1126 1080 1192 cuncti!

149 1231 361 1318 Auspicr'bus
375 1232 471 1295 vobis
486 1231 549 1294 hoe
564 1230 652 1293 nothi
665 1241 791 1318 surgat
807 1240 904 1319 opus·
1113 1252 1165 1318 830
1192 1267 1196 1274 ·

108 1336 235 1423 Longa
249 1339 296 1400 sit
310 1337 391 1402 huie
406 1335 505 1400 aetus
519 1336 745 1424 dominaeque
754 1341 914 1425 potentia
933 1348 1065 1417 terrae,

151 1442 277 1530 Sitque
290 1444 353 1507 sub
368 1443 434 1508 hac
450 1444 565 1507 orz'ens
581 1445 809 1532 occiduusque
827 1448 912 1510 dies.

108 1549 171 1614 Ille
187 1551 413 1634 precabatur:
437 1549 563 1614 tonitru
581 1550 673 1615 dedit
689 1552 804 1617 omina
821 1553 921 1620 laevo

146 1655 318 1742 Juppiter,
337 1666 371 1721 et
386 1656 485 1722 laevo
502 1656 645 1722 fulmina
661 1659 766 1724 missa
783 1660 875 1744 polo.

79 1803 82 1810 ·
106 1763 266 1852 Augurio
282 1762 363 1828 laeti
376 1763 507 1851 jaciunt
525 1763 725 1830 fundamina
742 1766 847 1842 cives,
1113 1785 1164 1853 833

153 1871 198 1937 Et
214 1892 324 1937 novus
340 1868 468 1958 exiguo
485 1882 636 1957 tempore
655 1894 772 1938 murus
789 1884 874 1938 erat.

108 1979 187 2044 Hoc
203 1978 308 2044 Celer
323 1989 425 2066 urget
440 1999 538 2063 opus,
558 2000 660 2065 quem
676 1979 848 2046 Romulus
866 1980 939 2067 ipse
954 1991 1106 2058 vocarat,

153 2085 344 2173 ‘Sint'que,
365 2097 374 2125 ⁶
388 2083 503 2160 Celer,
522 2085 644 2149 curae’
661 2087 795 2151 dixerat
812 2087 898 2152 ‘ista
914 2099 1014 2153 tuae:

106 2194 209 2261 Neve
225 2194 302 2281 quis
319 2204 376 2257 aut
392 2213 520 2267 muros,
539 2203 596 2256 aut
614 2192 739 2257 factam
756 2216 894 2260 vomere
911 2195 1039 2261 fossam

151 2303 337 2377 Transeat,
357 2300 540 2366 audentem
556 2298 638 2364 talia
655 2299 749 2365 dede·
760 2300 862 2365 neci!
1115 2284 1170 2387 840'

108 2409 214 2498 Quod
231 2410 365 2475 Remus
380 2408 546 2495 ignorans
563 2407 710 2471 humiles
725 2418 945 2474 contemnere
962 2430 1077 2476 muros

152 2517 290 2605 Coepit,
308 2526 342 2581 et
358 2526 368 2564 ‘-
385 2514 450 2579 His
467 2512 637 2599 populus?
653 2513 768 2578 dicere
786 2523 897 2580 ‘tutus
914 2514 1018 2581 erit?'

106 2625 185 2691 Nec
203 2645 312 2699 mora,
330 2621 521 2687 transiluit:
546 2632 640 2685 rutro
657 2618 762 2685 Celer
776 2632 923 2707 occupat
939 2643 1061 2689 ausum
1075 2646 1085 2699 ς

152 2732 215 2797 Ille
232 2729 357 2817 premit
373 2730 494 2795 duram
513 2726 801 2815 sanguinulentus
818 2728 975 2816 humum.

107 2838 210 2904 Haec
223 2838 283 2903 ubi
302 2858 363 2901 rex
379 2834 510 2910 didicit,
528 2834 691 2899 lacrimas
708 2834 872 2900 introrsus
888 2834 1025 2900 obortas
1117 2855 1168 2923 845

64 3030 68 3037 Ι
151 2945 318 3021 Devorat,
336 2953 372 3009 et¹
384 2938 542 3008 clausum
558 2953 696 3028 pectore
714 2943 835 3008 volnus
853 2943 977 3016 habet3

105 3052 207 3117 Flere
225 3052 341 3137 palam
357 3073 426 3116 non
441 3050 525 3126 volt,
545 3051 775 3137 exemplaque
791 3049 891 3115 sortia
908 3061 1035 3126 servat,

152 3158 212 3225 Sic
228 3180 295 3246 que
311 3180 401 3222 meos
417 3152 535 3221 muros
551 3165 710 3221 transeat
725 3157 831 3220 hostes
849 3156 907 3221 ait.

107 3264 177 3330 Dat
192 3274 309 3331 tamen
325 3260 528 3351 exsequias3
554 3284 619 3328 nec
631 3263 705 3351 jum
723 3264 934 3349 suspendere
949 3262 1069 3329 fletum

153 3370 318 3447 Sustinet,
337 3381 371 3435 et
386 3373 495 3456 pietas
512 3370 725 3435 dissimulata
741 3381 845 3456 patet.
1116 3389 1168 3456 850

106 3477 307 3565 Osculaque
324 3476 488 3562 adplicuit
503 3477 613 3561 posito
630 3499 792 3563 suprema
807 3478 945 3553 feretro,

152 3585 267 3671 Atque
284 3584 343 3660 ait,
361 3583 479 3649 Iuoz'to
488 3586 613 3663 frater
627 3583 799 3671 adempte,
816 3582 918 3647 vale!
979 3640 983 3645 .
1009 3622 1012 3625 -

104 3689 326 3777 Arsurosque
343 3700 434 3755 artus
450 3688 559 3753 unxit.
609 3688 753 3765 Fecere,
772 3691 865 3776 quod
881 3690 953 3766 ille,

152 3795 337 3862 Faustulus
353 3807 386 3861 et
402 3806 551 3860 maestas
566 3792 664 3860 Acca
681 3797 791 3861 soluta
807 3818 923 3861 comas
936 3820 945 3871 3

104 3902 201 3969 Tum
212 3903 377 3991 juvenem
395 3902 547 3967 nondum
564 3888 643 3965 sacti
659 3901 786 3966 flevere
803 3901 974 3986 Qirites3
1112 3919 1145 3982 85
1148 3931 1163 3983 ς

153 4006 284 4073 Ultima
297 4007 434 4093 plorato
450 4004 583 4070 subdita
599 4004 741 4069 flamma
757 4026 842 4092 rogo
859 4014 920 4068 est.
