2709 4325
159 205 205 300 96
447 209 519 274 The
540 206 659 274 Deatlr
683 208 732 293 os
743 206 927 274 Hercules.
1068 221 1213 294 [Mareu

161 406 193 472 Ο
211 405 346 493 superi;
369 415 506 493 totoque
523 405 634 470 libens
651 403 734 468 mihi
752 415 889 488 pectore
906 412 1035 491 grator,

160 515 252 600 quod
269 512 430 578 memoris
446 511 563 598 populi
581 511 676 576 dicor
693 521 871 597 rectorque
888 520 1065 596 paterque,
1160 536 1212 594 243

161 629 195 683 et
210 640 287 683 mea
303 618 487 706 progenies
503 628 615 682 vestro
632 638 769 703 quoque
783 627 855 681 tuta
871 615 988 681 favore
1004 625 1066 680 est.

161 747 241 790 narn
259 745 468 812 quamquam
484 723 592 810 ipsius
609 724 709 788 datur
725 724 792 788 hoc
807 722 1015 788 immanibus
1032 720 1129 798 actis,

106 873 109 879 -
161 833 296 920 obligor
311 832 385 918 ipse
401 843 529 896 tamen.
578 830 651 896 Sed
667 829 772 907 enirn,
791 852 834 895 ne
850 841 989 917 pectora
1005 849 1095 894 vano

160 939 230 1003 fida
247 949 339 1004 metu
355 948 516 1024 paveant,
534 933 684 1003 Oetaeas
700 937 849 1022 spernite
865 936 1036 1002 flammas.

160 1045 276 1111 omnia
292 1044 350 1132 qui
366 1044 458 1122 vicit,
476 1044 602 1121 vincet,
620 1066 707 1131 quos
723 1043 873 1120 cernitis
891 1043 1012 1131 ignes3
1161 1070 1216 1126 250

161 1173 227 1218 nec
243 1152 308 1218 nisi
326 1139 480 1217 materna
495 1152 680 1217 vulcanum
697 1161 794 1238 parte
809 1160 981 1236 potentem

161 1258 297 1324 sentiet.
343 1256 534 1323 Aeternum
551 1268 602 1323 est
617 1279 638 1322 a
655 1279 710 1322 me
726 1258 818 1344 quod
833 1256 948 1332 traxit,
966 1266 1001 1320 et
1015 1263 1142 1339 expers

162 1375 263 1451 atque
279 1363 432 1429 immune
447 1363 556 1438 necis,
573 1364 738 1451 nullaque
755 1363 927 1429 domabile
942 1361 1105 1426 flamma:
1121 1372 1123 1375 ’

161 1470 264 1558 idque
281 1492 348 1559 ego
363 1470 562 1536 defunctum
578 1480 668 1535 terra
684 1469 888 1536 caelestibus
903 1469 972 1534 oris

162 1577 343 1663 accipiam,
362 1577 561 1664 cunctisque
578 1598 694 1642 meum
710 1577 869 1642 laetabile
886 1576 1015 1641 sactum
1162 1603 1215 1662 2⁵5

162 1684 214 1751 dis
231 1684 303 1750 sore
319 1684 466 1750 confido.
515 1681 632 1770 Siquis
647 1694 763 1748 tamen
781 1682 946 1757 Hercule,
964 1681 1072 1769 siquis

161 1793 246 1860 sorte
262 1792 327 1857 deo
344 1791 509 1857 doliturus
526 1791 601 1867 erit,
619 1792 699 1856 data
716 1789 871 1876 praemia
887 1790 1000 1854 nolet:

161 1901 222 1966 sed
239 1898 404 1964 meruisse
420 1897 494 1964 dari
511 1897 606 1974 sciet,
624 1896 818 1984 invitusque
834 1893 1015 1981 probabit.'

205 2004 396 2072 Assensere
414 2005 468 2070 dei
481 2026 490 2080 3
514 2003 665 2092 conjunx
681 2024 818 2090 quoque
833 2001 931 2090 regia
946 2001 1021 2068 visa
1036 2012 1088 2066 est

161 2123 275 2179 cetera
291 2133 360 2179 non
376 2112 474 2187 dur0,
492 2111 578 2177 duro
594 2121 710 2176 tamen
726 2110 846 2175 ultima
862 2110 960 2176 vultu
1161 2124 1217 2180 260

162 2216 252 2281 dicta
268 2215 385 2280 tulisse
396 2213 507 2300 Jovis,
525 2234 629 2301 seque
646 2212 833 2279 indoluisse
850 2222 1012 2277 notatam.

207 2321 341 2387 Interea
357 2322 597 2408 quodcumque
613 2320 676 2386 fuit
691 2318 889 2406 populabile
904 2318 1077 2394 flammae,

162 2428 334 2493 Mulciber
351 2429 556 2503 abstulerat3
581 2448 646 2493 nec
662 2427 906 2515 cognoscenda
921 2424 1086 2508 remansit

163 2534 324 2601 Herculis
341 2534 485 2622 effigies,
504 2554 569 2599 nec
585 2534 771 2620 quicquam
787 2533 831 2597 ab
846 2530 1000 2619 imagine
1014 2532 1159 2597 ductum

162 2643 279 2708 matris
295 2642 410 2719 habet,
428 2651 628 2728 tantumque
639 2640 737 2727 Jovis
752 2638 899 2726 vestigia
913 2647 1037 2703 servat.
1161 2654 1216 2723 265

160 2761 264 2837 utque
281 2770 389 2814 novus
406 2770 547 2833 serpens
564 2748 674 2833 posita
690 2768 770 2812 cum
786 2746 876 2831 pelle
892 2755 1031 2810 senecta

161 2858 335 2922 luxuriare
352 2855 449 2931 solet,
468 2874 680 2941 squamaque
695 2854 805 2918 virere
821 2851 970 2917 recenti:

161 2963 285 3029 sicubi
303 2962 463 3027 mortales
478 2960 682 3048 Tirynthius
698 2958 793 3025 exuit
809 2969 913 3033 artus,

161 3079 257 3155 parte
274 3067 326 3134 sui
344 3066 483 3133 meliore
499 3068 603 3153 viget,
621 3065 797 3154 majorque
813 3062 921 3130 videri

161 3175 285 3259 coepit,
304 3184 337 3239 et
353 3183 500 3261 augusta
516 3172 589 3237 fieri
606 3172 776 3259 gravitate
788 3170 970 3238 verendus.
1164 3201 1220 3255 270

162 3302 265 3368 quem
281 3290 378 3365 pater
393 3278 609 3365 omnipotens
625 3278 713 3345 inter
729 3297 814 3342 cava
830 3277 948 3348 nubila
964 3286 1101 3362 raptum

162 3385 368 3476 quadrijugo
385 3407 487 3453 curru
503 3384 714 3452 radiantibus
729 3382 842 3449 intulit
857 3382 968 3449 astris.
