<?xml version="1.0" encoding="UTF-8"?>
<!DOCTYPE html PUBLIC "-//W3C//DTD XHTML 1.0 Transitional//EN"
    "http://www.w3.org/TR/xhtml1/DTD/xhtml1-transitional.dtd">
<html xmlns="http://www.w3.org/1999/xhtml" xml:lang="en" lang="en">
 <head>
  <title>
</title>
<meta http-equiv="Content-Type" content="text/html;charset=utf-8" />
  <meta name='ocr-system' content='tesseract 3.04.00' />
  <meta name='ocr-capabilities' content='ocr_page ocr_carea ocr_par ocr_line ocrx_word'/>
</head>
<body>
  <div class='ocr_page' id='page_1' title='image "./publiovidiinaso01allegoog_0191.png"; bbox 0 0 2709 4325; ppageno 0'>
   <div class='ocr_carea' id='block_1_1' title="bbox 116 224 1163 325">
    <p class='ocr_par' dir='ltr' id='par_1_1' title="bbox 116 224 1163 325">
     <span class='ocr_line' id='line_1_1' title="bbox 116 224 1163 325; baseline -0.011 -16"><span class='ocrx_word' id='word_1_1' title='bbox 116 253 167 309; x_wconf 90' lang='lat'>111.</span> <span class='ocrx_word' id='word_1_2' title='bbox 186 265 214 321; x_wconf 88' lang='lat'>3,</span> <span class='ocrx_word' id='word_1_3' title='bbox 231 253 291 325; x_wconf 67' lang='lat'>54]</span> <span class='ocrx_word' id='word_1_4' title='bbox 332 224 334 228; x_wconf 50' lang='grc'><strong>’</strong></span> <span class='ocrx_word' id='word_1_5' title='bbox 380 235 450 304; x_wconf 76' lang='lat' dir='ltr'>Tae</span> <span class='ocrx_word' id='word_1_6' title='bbox 472 235 604 303; x_wconf 80' lang='lat' dir='ltr'>Exile’s</span> <span class='ocrx_word' id='word_1_7' title='bbox 628 234 712 302; x_wconf 81' lang='lat' dir='ltr'>Sick</span> <span class='ocrx_word' id='word_1_8' title='bbox 740 235 924 304; x_wconf 79' lang='lat' dir='ltr'>Chamber.</span> <span class='ocrx_word' id='word_1_9' title='bbox 1101 244 1163 316; x_wconf 81' lang='lat'>175</span> 
     </span>
    </p>
   </div>
   <div class='ocr_carea' id='block_1_2' title="bbox 117 432 967 616">
    <p class='ocr_par' dir='ltr' id='par_1_2' title="bbox 117 432 967 616">
     <span class='ocr_line' id='line_1_2' title="bbox 117 432 967 522; baseline -0.005 -22"><span class='ocrx_word' id='word_1_10' title='bbox 117 433 151 500; x_wconf 88' lang='lat' dir='ltr'>Si</span> <span class='ocrx_word' id='word_1_11' title='bbox 164 433 236 522; x_wconf 80' lang='lat' dir='ltr'>jam</span> <span class='ocrx_word' id='word_1_12' title='bbox 253 432 428 508; x_wconf 87' lang='lat' dir='ltr'><strong>deficiam,</strong></span> <span class='ocrx_word' id='word_1_13' title='bbox 447 435 699 521; x_wconf 90' lang='lat' dir='ltr'>subpressaque</span> <span class='ocrx_word' id='word_1_14' title='bbox 715 433 834 521; x_wconf 87' lang='lat' dir='ltr'>lingua</span> <span class='ocrx_word' id='word_1_15' title='bbox 850 432 967 518; x_wconf 91' lang='lat' dir='ltr'>palato</span> 
     </span>
     <span class='ocr_line' id='line_1_3' title="bbox 155 538 754 616; baseline -0.002 -10"><span class='ocrx_word' id='word_1_16' title='bbox 155 539 227 606; x_wconf 87' lang='lat' dir='ltr'>Vix</span> <span class='ocrx_word' id='word_1_17' title='bbox 242 538 407 605; x_wconf 89' lang='lat' dir='ltr'>instillato</span> <span class='ocrx_word' id='word_1_18' title='bbox 422 540 630 605; x_wconf 88' lang='lat' dir='ltr'>restituenda</span> <span class='ocrx_word' id='word_1_19' title='bbox 646 561 754 616; x_wconf 90' lang='lat' dir='ltr'>mero,</span> 
     </span>
    </p>
   </div>
   <div class='ocr_carea' id='block_1_3' title="bbox 17 645 1048 732">
    <p class='ocr_par' dir='ltr' id='par_1_3' title="bbox 17 645 1048 732">
     <span class='ocr_line' id='line_1_4' title="bbox 17 645 1048 732; baseline -0.002 -22"><span class='ocrx_word' id='word_1_20' title='bbox 17 703 18 710; x_wconf 74' lang='grc'>,</span> <span class='ocrx_word' id='word_1_21' title='bbox 116 646 256 712; x_wconf 86' lang='lat' dir='ltr'>Nuntiet</span> <span class='ocrx_word' id='word_1_22' title='bbox 272 647 341 711; x_wconf 91' lang='lat' dir='ltr'>huc</span> <span class='ocrx_word' id='word_1_23' title='bbox 357 645 480 732; x_wconf 87' lang='lat' dir='ltr'>aliquis</span> <span class='ocrx_word' id='word_1_24' title='bbox 496 645 671 711; x_wconf 88' lang='lat' dir='ltr'>dominam</span> <span class='ocrx_word' id='word_1_25' title='bbox 688 645 837 722; x_wconf 89' lang='lat' dir='ltr'>venisse,</span> <span class='ocrx_word' id='word_1_26' title='bbox 855 665 1048 732; x_wconf 81' lang='lat' dir='ltr'><strong>resurgam,</strong></span> 
     </span>
    </p>
   </div>
   <div class='ocr_carea' id='block_1_4' title="bbox 16 751 1052 1456">
    <p class='ocr_par' dir='ltr' id='par_1_4' title="bbox 157 751 853 840">
     <span class='ocr_line' id='line_1_5' title="bbox 157 751 853 840; baseline -0.006 -22"><span class='ocrx_word' id='word_1_27' title='bbox 157 753 316 840; x_wconf 87' lang='lat' dir='ltr'>Spesque</span> <span class='ocrx_word' id='word_1_28' title='bbox 332 751 380 817; x_wconf 89' lang='lat' dir='ltr'>tui</span> <span class='ocrx_word' id='word_1_29' title='bbox 398 751 496 816; x_wconf 89' lang='lat' dir='ltr'>nobis</span> <span class='ocrx_word' id='word_1_30' title='bbox 513 771 618 818; x_wconf 89' lang='lat' dir='ltr'>causa</span> <span class='ocrx_word' id='word_1_31' title='bbox 633 751 762 838; x_wconf 85' lang='lat' dir='ltr'>vigoris</span> <span class='ocrx_word' id='word_1_32' title='bbox 779 751 853 816; x_wconf 87' lang='lat' dir='ltr'>erit.</span> 
     </span>
    </p>

    <p class='ocr_par' dir='ltr' id='par_1_5' title="bbox 17 845 952 1052">
     <span class='ocr_line' id='line_1_6' title="bbox 17 845 952 948; baseline -0.003 -24"><span class='ocrx_word' id='word_1_33' title='bbox 17 845 19 852; x_wconf 51' lang='grc'><em>’</em></span> <span class='ocrx_word' id='word_1_34' title='bbox 118 860 209 948; x_wconf 86' lang='lat' dir='ltr'>Ergo</span> <span class='ocrx_word' id='word_1_35' title='bbox 225 849 294 946; x_wconf 80' lang='lat' dir='ltr'>ego</span> <span class='ocrx_word' id='word_1_36' title='bbox 310 879 386 924; x_wconf 87' lang='lat' dir='ltr'>surn</span> <span class='ocrx_word' id='word_1_37' title='bbox 403 857 528 923; x_wconf 88' lang='lat' dir='ltr'>dubius</span> <span class='ocrx_word' id='word_1_38' title='bbox 543 857 647 934; x_wconf 86' lang='lat' dir='ltr'>vitae,</span> <span class='ocrx_word' id='word_1_39' title='bbox 665 870 703 921; x_wconf 89' lang='lat' dir='ltr'>tu</span> <span class='ocrx_word' id='word_1_40' title='bbox 719 857 860 923; x_wconf 82' lang='lat' dir='ltr'>forsitan</span> <span class='ocrx_word' id='word_1_41' title='bbox 877 856 952 922; x_wconf 87' lang='lat' dir='ltr'>istic</span> 
     </span>
     <span class='ocr_line' id='line_1_7' title="bbox 154 961 879 1052; baseline -0.003 -21"><span class='ocrx_word' id='word_1_42' title='bbox 154 966 354 1052; x_wconf 90' lang='lat' dir='ltr'>Jucundum</span> <span class='ocrx_word' id='word_1_43' title='bbox 371 963 476 1030; x_wconf 87' lang='lat' dir='ltr'><strong>nostri</strong></span> <span class='ocrx_word' id='word_1_44' title='bbox 493 963 610 1029; x_wconf 90' lang='lat' dir='ltr'>nescia</span> <span class='ocrx_word' id='word_1_45' title='bbox 627 975 763 1049; x_wconf 89' lang='lat' dir='ltr'>tempus</span> <span class='ocrx_word' id='word_1_46' title='bbox 780 961 879 1050; x_wconf 86' lang='lat' dir='ltr'>agis?</span> 
     </span>
    </p>

    <p class='ocr_par' dir='ltr' id='par_1_6' title="bbox 118 1068 1052 1159">
     <span class='ocr_line' id='line_1_8' title="bbox 118 1068 1052 1159; baseline -0.002 -22"><span class='ocrx_word' id='word_1_47' title='bbox 118 1071 196 1137; x_wconf 92' lang='lat' dir='ltr'>Non</span> <span class='ocrx_word' id='word_1_48' title='bbox 213 1071 304 1159; x_wconf 88' lang='lat' dir='ltr'>agis,</span> <span class='ocrx_word' id='word_1_49' title='bbox 322 1071 487 1137; x_wconf 84' lang='lat' dir='ltr'>adfirmo:</span> <span class='ocrx_word' id='word_1_50' title='bbox 511 1070 618 1159; x_wconf 90' lang='lat' dir='ltr'>liquet</span> <span class='ocrx_word' id='word_1_51' title='bbox 634 1070 717 1145; x_wconf 72' lang='lat' dir='ltr'>hoc,</span> <span class='ocrx_word' id='word_1_52' title='bbox 732 1069 922 1152; x_wconf 81' lang='lat' dir='ltr'>carissima,</span> <span class='ocrx_word' id='word_1_53' title='bbox 940 1068 1052 1146; x_wconf 88' lang='lat' dir='ltr'>nobis,</span> 
     </span>
    </p>

    <p class='ocr_par' dir='ltr' id='par_1_7' title="bbox 16 1176 916 1266">
     <span class='ocr_line' id='line_1_9' title="bbox 16 1176 916 1266; baseline -0.004 -23"><span class='ocrx_word' id='word_1_54' title='bbox 16 1247 17 1266; x_wconf 13' lang='grc' dir='ltr'>χ</span> <span class='ocrx_word' id='word_1_55' title='bbox 158 1179 314 1264; x_wconf 87' lang='lat' dir='ltr'>Tempus</span> <span class='ocrx_word' id='word_1_56' title='bbox 331 1178 389 1266; x_wconf 85' lang='lat' dir='ltr'>agi</span> <span class='ocrx_word' id='word_1_57' title='bbox 406 1177 479 1243; x_wconf 92' lang='lat' dir='ltr'>sine</span> <span class='ocrx_word' id='word_1_58' title='bbox 495 1198 551 1242; x_wconf 87' lang='lat' dir='ltr'>me</span> <span class='ocrx_word' id='word_1_59' title='bbox 566 1176 717 1242; x_wconf 89' lang='lat' dir='ltr'>nonnisi</span> <span class='ocrx_word' id='word_1_60' title='bbox 734 1176 829 1241; x_wconf 87' lang='lat' dir='ltr'>triste</span> <span class='ocrx_word' id='word_1_61' title='bbox 844 1176 916 1242; x_wconf 89' lang='lat' dir='ltr'>tibi.</span> 
     </span>
    </p>

    <p class='ocr_par' dir='ltr' id='par_1_8' title="bbox 16 1282 1045 1370">
     <span class='ocr_line' id='line_1_10' title="bbox 16 1282 1045 1370; baseline 0.004 -26"><span class='ocrx_word' id='word_1_62' title='bbox 16 1293 17 1344; x_wconf 68' lang='lat' dir='ltr'>l</span> <span class='ocrx_word' id='word_1_63' title='bbox 119 1283 154 1350; x_wconf 83' lang='lat' dir='ltr'>si</span> <span class='ocrx_word' id='word_1_64' title='bbox 168 1296 285 1349; x_wconf 89' lang='lat' dir='ltr'>tamen</span> <span class='ocrx_word' id='word_1_65' title='bbox 302 1284 456 1370; x_wconf 89' lang='lat' dir='ltr'>implevit</span> <span class='ocrx_word' id='word_1_66' title='bbox 471 1303 549 1350; x_wconf 86' lang='lat' dir='ltr'>mea</span> <span class='ocrx_word' id='word_1_67' title='bbox 565 1305 651 1358; x_wconf 87' lang='lat' dir='ltr'>sors,</span> <span class='ocrx_word' id='word_1_68' title='bbox 669 1303 757 1369; x_wconf 87' lang='lat' dir='ltr'>quos</span> <span class='ocrx_word' id='word_1_69' title='bbox 774 1282 904 1358; x_wconf 87' lang='lat' dir='ltr'>debuit,</span> <span class='ocrx_word' id='word_1_70' title='bbox 921 1303 1045 1360; x_wconf 89' lang='lat' dir='ltr'>annos,</span> 
     </span>
    </p>

    <p class='ocr_par' dir='ltr' id='par_1_9' title="bbox 159 1388 855 1456">
     <span class='ocr_line' id='line_1_11' title="bbox 159 1388 855 1456; baseline -0.009 0"><span class='ocrx_word' id='word_1_71' title='bbox 159 1390 203 1456; x_wconf 91' lang='lat' dir='ltr'>Et</span> <span class='ocrx_word' id='word_1_72' title='bbox 219 1391 303 1456; x_wconf 82' lang='lat' dir='ltr'>mihi</span> <span class='ocrx_word' id='word_1_73' title='bbox 319 1391 456 1456; x_wconf 89' lang='lat' dir='ltr'>vivendi</span> <span class='ocrx_word' id='word_1_74' title='bbox 471 1400 542 1455; x_wconf 87' lang='lat' dir='ltr'>tam</span> <span class='ocrx_word' id='word_1_75' title='bbox 559 1390 625 1456; x_wconf 90' lang='lat' dir='ltr'>cito</span> <span class='ocrx_word' id='word_1_76' title='bbox 641 1388 719 1453; x_wconf 88' lang='lat' dir='ltr'>finis</span> <span class='ocrx_word' id='word_1_77' title='bbox 737 1388 855 1453; x_wconf 82' lang='lat' dir='ltr'>adest:</span> 
     </span>
    </p>
   </div>
   <div class='ocr_carea' id='block_1_5' title="bbox 15 1495 1064 1797">
    <p class='ocr_par' dir='ltr' id='par_1_10' title="bbox 15 1495 1064 1797">
     <span class='ocr_line' id='line_1_12' title="bbox 15 1495 1064 1585; baseline 0.001 -24"><span class='ocrx_word' id='word_1_78' title='bbox 15 1565 16 1584; x_wconf 13' lang='grc' dir='ltr'>χ</span> <span class='ocrx_word' id='word_1_79' title='bbox 120 1496 294 1582; x_wconf 76' lang='lat' dir='ltr'>Qantum</span> <span class='ocrx_word' id='word_1_80' title='bbox 312 1508 396 1573; x_wconf 89' lang='lat' dir='ltr'>erat,</span> <span class='ocrx_word' id='word_1_81' title='bbox 415 1496 448 1562; x_wconf 95' lang='lat' dir='ltr'>O</span> <span class='ocrx_word' id='word_1_82' title='bbox 465 1495 596 1585; x_wconf 87' lang='lat' dir='ltr'>magni,</span> <span class='ocrx_word' id='word_1_83' title='bbox 615 1495 777 1561; x_wconf 88' lang='lat' dir='ltr'>morituro</span> <span class='ocrx_word' id='word_1_84' title='bbox 794 1515 950 1580; x_wconf 87' lang='lat' dir='ltr'>parcere,</span> <span class='ocrx_word' id='word_1_85' title='bbox 969 1495 1064 1572; x_wconf 89' lang='lat' dir='ltr'>Divi,</span> 
     </span>
     <span class='ocr_line' id='line_1_13' title="bbox 15 1600 886 1694; baseline -0.007 -23"><span class='ocrx_word' id='word_1_86' title='bbox 15 1661 16 1694; x_wconf 55' lang='lat'>,</span> <span class='ocrx_word' id='word_1_87' title='bbox 135 1635 138 1640; x_wconf 95' lang='lat'>·</span> <span class='ocrx_word' id='word_1_88' title='bbox 160 1604 208 1671; x_wconf 91' lang='lat' dir='ltr'>Ut</span> <span class='ocrx_word' id='word_1_89' title='bbox 223 1605 345 1670; x_wconf 88' lang='lat' dir='ltr'>saltem</span> <span class='ocrx_word' id='word_1_90' title='bbox 362 1604 472 1690; x_wconf 88' lang='lat' dir='ltr'>patria</span> <span class='ocrx_word' id='word_1_91' title='bbox 488 1604 742 1669; x_wconf 87' lang='lat' dir='ltr'>contumularer</span> <span class='ocrx_word' id='word_1_92' title='bbox 758 1600 886 1667; x_wconf 84' lang='lat' dir='ltr'>humo?</span> 
     </span>
     <span class='ocr_line' id='line_1_14' title="bbox 15 1708 914 1797; baseline -0.007 -19"><span class='ocrx_word' id='word_1_93' title='bbox 15 1739 16 1748; x_wconf 50' lang='lat'>¹</span> <span class='ocrx_word' id='word_1_94' title='bbox 117 1709 180 1777; x_wconf 89' lang='lat' dir='ltr'>Vel</span> <span class='ocrx_word' id='word_1_95' title='bbox 197 1731 309 1797; x_wconf 87' lang='lat' dir='ltr'>poena</span> <span class='ocrx_word' id='word_1_96' title='bbox 325 1710 360 1775; x_wconf 93' lang='lat' dir='ltr'>in</span> <span class='ocrx_word' id='word_1_97' title='bbox 376 1721 511 1797; x_wconf 88' lang='lat' dir='ltr'>tempus</span> <span class='ocrx_word' id='word_1_98' title='bbox 527 1710 644 1776; x_wconf 90' lang='lat' dir='ltr'>mortis</span> <span class='ocrx_word' id='word_1_99' title='bbox 659 1709 766 1775; x_wconf 91' lang='lat' dir='ltr'>dilata</span> <span class='ocrx_word' id='word_1_100' title='bbox 783 1708 914 1784; x_wconf 83' lang='lat' dir='ltr'>luisset,</span> 
     </span>
    </p>
   </div>
   <div class='ocr_carea' id='block_1_6' title="bbox 158 1815 929 1904">
    <p class='ocr_par' dir='ltr' id='par_1_11' title="bbox 158 1815 929 1904">
     <span class='ocr_line' id='line_1_15' title="bbox 158 1815 929 1904; baseline -0.006 -20"><span class='ocrx_word' id='word_1_101' title='bbox 158 1815 225 1884; x_wconf 90' lang='lat' dir='ltr'>Vel</span> <span class='ocrx_word' id='word_1_102' title='bbox 243 1817 475 1903; x_wconf 83' lang='lat' dir='ltr'>praecepisset</span> <span class='ocrx_word' id='word_1_103' title='bbox 490 1837 582 1883; x_wconf 89' lang='lat' dir='ltr'>mors</span> <span class='ocrx_word' id='word_1_104' title='bbox 598 1827 779 1904; x_wconf 90' lang='lat' dir='ltr'>properata</span> <span class='ocrx_word' id='word_1_105' title='bbox 796 1815 929 1902; x_wconf 86' lang='lat' dir='ltr'>fugam.</span> 
     </span>
    </p>
   </div>
   <div class='ocr_carea' id='block_1_7' title="bbox 15 1922 1013 2012">
    <p class='ocr_par' dir='ltr' id='par_1_12' title="bbox 15 1922 1013 2012">
     <span class='ocr_line' id='line_1_16' title="bbox 15 1922 1013 2012; baseline -0.001 -26"><span class='ocrx_word' id='word_1_106' title='bbox 15 1979 16 1986; x_wconf 71' lang='grc'>,</span> <span class='ocrx_word' id='word_1_107' title='bbox 118 1922 254 2012; x_wconf 88' lang='lat' dir='ltr'>Integer</span> <span class='ocrx_word' id='word_1_108' title='bbox 270 1924 361 1989; x_wconf 86' lang='lat' dir='ltr'>hanc</span> <span class='ocrx_word' id='word_1_109' title='bbox 377 1923 470 2010; x_wconf 92' lang='lat' dir='ltr'>potui</span> <span class='ocrx_word' id='word_1_110' title='bbox 487 1945 597 2009; x_wconf 88' lang='lat' dir='ltr'>nuper</span> <span class='ocrx_word' id='word_1_111' title='bbox 612 1924 701 1988; x_wconf 91' lang='lat' dir='ltr'>bene</span> <span class='ocrx_word' id='word_1_112' title='bbox 716 1923 860 1988; x_wconf 86' lang='lat' dir='ltr'>reddere</span> <span class='ocrx_word' id='word_1_113' title='bbox 877 1922 1013 1987; x_wconf 72' lang='lat' dir='ltr'>lucemt</span> 
     </span>
    </p>
   </div>
   <div class='ocr_carea' id='block_1_8' title="bbox 14 2022 1165 3189">
    <p class='ocr_par' dir='ltr' id='par_1_13' title="bbox 157 2022 1015 2123">
     <span class='ocr_line' id='line_1_17' title="bbox 157 2022 1015 2123; baseline 0 -29"><span class='ocrx_word' id='word_1_114' title='bbox 157 2029 268 2096; x_wconf 88' lang='lat' dir='ltr'>Exsul</span> <span class='ocrx_word' id='word_1_115' title='bbox 284 2040 321 2095; x_wconf 92' lang='lat' dir='ltr'>ut</span> <span class='ocrx_word' id='word_1_116' title='bbox 336 2022 542 2106; x_wconf 85' lang='lat' dir='ltr'>occiderem,</span> <span class='ocrx_word' id='word_1_117' title='bbox 559 2051 653 2123; x_wconf 89' lang='lat' dir='ltr'>nunc</span> <span class='ocrx_word' id='word_1_118' title='bbox 670 2029 753 2094; x_wconf 88' lang='lat' dir='ltr'>mihi</span> <span class='ocrx_word' id='word_1_119' title='bbox 763 2029 838 2094; x_wconf 86' lang='lat' dir='ltr'>-vita</span> <span class='ocrx_word' id='word_1_120' title='bbox 854 2027 934 2093; x_wconf 86' lang='lat' dir='ltr'>data</span> <span class='ocrx_word' id='word_1_121' title='bbox 949 2038 1015 2094; x_wconf 87' lang='lat' dir='ltr'>est.</span> 
     </span>
    </p>

    <p class='ocr_par' dir='ltr' id='par_1_14' title="bbox 14 2133 952 2225">
     <span class='ocr_line' id='line_1_18' title="bbox 14 2133 952 2225; baseline 0 -24"><span class='ocrx_word' id='word_1_122' title='bbox 14 2192 15 2195; x_wconf 64' lang='grc'>,</span> <span class='ocrx_word' id='word_1_123' title='bbox 117 2135 205 2203; x_wconf 87' lang='lat' dir='ltr'>Tam</span> <span class='ocrx_word' id='word_1_124' title='bbox 221 2137 342 2224; x_wconf 88' lang='lat' dir='ltr'>procul</span> <span class='ocrx_word' id='word_1_125' title='bbox 357 2137 483 2225; x_wconf 86' lang='lat' dir='ltr'>ignotis</span> <span class='ocrx_word' id='word_1_126' title='bbox 498 2136 603 2225; x_wconf 85' lang='lat' dir='ltr'>igitur</span> <span class='ocrx_word' id='word_1_127' title='bbox 619 2137 803 2204; x_wconf 78' lang='lat' dir='ltr'>moriemur</span> <span class='ocrx_word' id='word_1_128' title='bbox 818 2136 854 2202; x_wconf 90' lang='lat' dir='ltr'>in</span> <span class='ocrx_word' id='word_1_129' title='bbox 862 2133 952 2212; x_wconf 89' lang='lat' dir='ltr'>oris,</span> 
     </span>
    </p>

    <p class='ocr_par' dir='ltr' id='par_1_15' title="bbox 14 2228 768 2333">
     <span class='ocr_line' id='line_1_19' title="bbox 14 2228 768 2333; baseline 0 -24"><span class='ocrx_word' id='word_1_130' title='bbox 14 2228 15 2247; x_wconf 29' lang='lat' dir='ltr'>l</span> <span class='ocrx_word' id='word_1_131' title='bbox 158 2244 204 2309; x_wconf 94' lang='lat' dir='ltr'>Et</span> <span class='ocrx_word' id='word_1_132' title='bbox 219 2245 301 2309; x_wconf 91' lang='lat' dir='ltr'>fient</span> <span class='ocrx_word' id='word_1_133' title='bbox 317 2244 392 2331; x_wconf 88' lang='lat' dir='ltr'>ipso</span> <span class='ocrx_word' id='word_1_134' title='bbox 407 2244 512 2309; x_wconf 88' lang='lat' dir='ltr'>tristia</span> <span class='ocrx_word' id='word_1_135' title='bbox 530 2245 598 2310; x_wconf 84' lang='lat' dir='ltr'>sata</span> <span class='ocrx_word' id='word_1_136' title='bbox 614 2243 714 2311; x_wconf 84' lang='lat' dir='ltr'>loco?</span> <span class='ocrx_word' id='word_1_137' title='bbox 764 2325 768 2333; x_wconf 95' lang='lat'><em>.</em></span> 
     </span>
    </p>

    <p class='ocr_par' dir='ltr' id='par_1_16' title="bbox 116 2347 993 2545">
     <span class='ocr_line' id='line_1_20' title="bbox 116 2347 993 2437; baseline 0.001 -22"><span class='ocrx_word' id='word_1_138' title='bbox 116 2349 192 2417; x_wconf 93' lang='lat' dir='ltr'>Nec</span> <span class='ocrx_word' id='word_1_139' title='bbox 208 2371 287 2416; x_wconf 88' lang='lat' dir='ltr'>mea</span> <span class='ocrx_word' id='word_1_140' title='bbox 302 2362 465 2417; x_wconf 88' lang='lat' dir='ltr'>consueto</span> <span class='ocrx_word' id='word_1_141' title='bbox 481 2352 707 2437; x_wconf 87' lang='lat' dir='ltr'>languescent</span> <span class='ocrx_word' id='word_1_142' title='bbox 721 2371 865 2437; x_wconf 86' lang='lat' dir='ltr'>corpora</span> <span class='ocrx_word' id='word_1_143' title='bbox 882 2347 993 2417; x_wconf 82' lang='lat' dir='ltr'>lecto?</span> 
     </span>
     <span class='ocr_line' id='line_1_21' title="bbox 159 2455 908 2545; baseline 0 -24"><span class='ocrx_word' id='word_1_144' title='bbox 159 2456 362 2542; x_wconf 89' lang='lat' dir='ltr'>Depositum</span> <span class='ocrx_word' id='word_1_145' title='bbox 380 2478 516 2523; x_wconf 83' lang='lat' dir='ltr'>nec-me</span> <span class='ocrx_word' id='word_1_146' title='bbox 532 2458 591 2545; x_wconf 92' lang='lat' dir='ltr'>qui</span> <span class='ocrx_word' id='word_1_147' title='bbox 607 2456 699 2534; x_wconf 88' lang='lat' dir='ltr'>fleat,</span> <span class='ocrx_word' id='word_1_148' title='bbox 716 2459 807 2523; x_wconf 92' lang='lat' dir='ltr'>ullus</span> <span class='ocrx_word' id='word_1_149' title='bbox 823 2455 908 2524; x_wconf 84' lang='lat' dir='ltr'>crit?</span> 
     </span>
    </p>

    <p class='ocr_par' dir='ltr' id='par_1_17' title="bbox 116 2561 1104 2757">
     <span class='ocr_line' id='line_1_22' title="bbox 116 2561 1104 2631; baseline 0.001 -3"><span class='ocrx_word' id='word_1_150' title='bbox 116 2561 193 2629; x_wconf 88' lang='lat' dir='ltr'>Nec</span> <span class='ocrx_word' id='word_1_151' title='bbox 208 2564 369 2629; x_wconf 89' lang='lat' dir='ltr'>dominae</span> <span class='ocrx_word' id='word_1_152' title='bbox 385 2563 535 2629; x_wconf 87' lang='lat' dir='ltr'>lacrimis</span> <span class='ocrx_word' id='word_1_153' title='bbox 551 2563 586 2629; x_wconf 93' lang='lat' dir='ltr'>in</span> <span class='ocrx_word' id='word_1_154' title='bbox 602 2576 718 2629; x_wconf 90' lang='lat' dir='ltr'>nostra</span> <span class='ocrx_word' id='word_1_155' title='bbox 734 2564 934 2631; x_wconf 82' lang='lat' dir='ltr'>cadentibus</span> <span class='ocrx_word' id='word_1_156' title='bbox 950 2585 1011 2631; x_wconf 92' lang='lat' dir='ltr'>ora</span> <span class='ocrx_word' id='word_1_157' title='bbox 1100 2613 1104 2620; x_wconf 83' lang='lat'><em>-</em></span> 
     </span>
     <span class='ocr_line' id='line_1_23' title="bbox 158 2668 920 2757; baseline 0.003 -22"><span class='ocrx_word' id='word_1_158' title='bbox 158 2668 339 2735; x_wconf 88' lang='lat' dir='ltr'>Accedent</span> <span class='ocrx_word' id='word_1_159' title='bbox 354 2670 490 2735; x_wconf 88' lang='lat' dir='ltr'>animae</span> <span class='ocrx_word' id='word_1_160' title='bbox 505 2681 659 2756; x_wconf 89' lang='lat' dir='ltr'>tempora</span> <span class='ocrx_word' id='word_1_161' title='bbox 676 2692 783 2757; x_wconf 90' lang='lat' dir='ltr'>parva</span> <span class='ocrx_word' id='word_1_162' title='bbox 800 2672 920 2738; x_wconf 83' lang='lat' dir='ltr'>meae?</span> 
     </span>
    </p>

    <p class='ocr_par' dir='ltr' id='par_1_18' title="bbox 117 2775 1015 2867">
     <span class='ocr_line' id='line_1_24' title="bbox 117 2775 1015 2867; baseline 0.004 -25"><span class='ocrx_word' id='word_1_163' title='bbox 117 2775 193 2842; x_wconf 90' lang='lat' dir='ltr'>Nec</span> <span class='ocrx_word' id='word_1_164' title='bbox 210 2776 373 2841; x_wconf 90' lang='lat' dir='ltr'>mandata</span> <span class='ocrx_word' id='word_1_165' title='bbox 390 2776 492 2852; x_wconf 90' lang='lat' dir='ltr'>dabo,</span> <span class='ocrx_word' id='word_1_166' title='bbox 510 2798 575 2842; x_wconf 89' lang='lat' dir='ltr'>nec</span> <span class='ocrx_word' id='word_1_167' title='bbox 590 2797 669 2842; x_wconf 92' lang='lat' dir='ltr'>cum</span> <span class='ocrx_word' id='word_1_168' title='bbox 687 2779 837 2847; x_wconf 89' lang='lat' dir='ltr'>clamore</span> <span class='ocrx_word' id='word_1_169' title='bbox 854 2801 1015 2867; x_wconf 90' lang='lat' dir='ltr'>supremo</span> 
     </span>
    </p>

    <p class='ocr_par' dir='ltr' id='par_1_19' title="bbox 14 2882 898 2957">
     <span class='ocr_line' id='line_1_25' title="bbox 14 2882 898 2957; baseline 0.009 -11"><span class='ocrx_word' id='word_1_170' title='bbox 14 2952 15 2957; x_wconf 8' lang='grc' dir='ltr'>γ</span> <span class='ocrx_word' id='word_1_171' title='bbox 159 2882 334 2948; x_wconf 89' lang='lat' dir='ltr'>Labentes</span> <span class='ocrx_word' id='word_1_172' title='bbox 350 2884 468 2948; x_wconf 90' lang='lat' dir='ltr'>oculos</span> <span class='ocrx_word' id='word_1_173' title='bbox 483 2884 607 2949; x_wconf 91' lang='lat' dir='ltr'>condet</span> <span class='ocrx_word' id='word_1_174' title='bbox 622 2884 735 2951; x_wconf 88' lang='lat' dir='ltr'>amica</span> <span class='ocrx_word' id='word_1_175' title='bbox 751 2887 898 2953; x_wconf 84' lang='lat' dir='ltr'>manus?</span> 
     </span>
    </p>

    <p class='ocr_par' dir='ltr' id='par_1_20' title="bbox 14 2988 1165 3089">
     <span class='ocr_line' id='line_1_26' title="bbox 14 2988 1165 3089; baseline 0.004 -36"><span class='ocrx_word' id='word_1_176' title='bbox 14 3022 15 3089; x_wconf 37' lang='grc' dir='ltr'>ξ</span> <span class='ocrx_word' id='word_1_177' title='bbox 117 2988 187 3054; x_wconf 88' lang='lat' dir='ltr'>Sed</span> <span class='ocrx_word' id='word_1_178' title='bbox 202 2988 277 3054; x_wconf 88' lang='lat' dir='ltr'>sine</span> <span class='ocrx_word' id='word_1_179' title='bbox 294 2988 470 3055; x_wconf 90' lang='lat' dir='ltr'>funeribus</span> <span class='ocrx_word' id='word_1_180' title='bbox 486 3002 589 3075; x_wconf 89' lang='lat' dir='ltr'>caput</span> <span class='ocrx_word' id='word_1_181' title='bbox 606 2992 686 3069; x_wconf 93' lang='lat' dir='ltr'>hoc,</span> <span class='ocrx_word' id='word_1_182' title='bbox 704 2993 779 3059; x_wconf 88' lang='lat' dir='ltr'>sine</span> <span class='ocrx_word' id='word_1_183' title='bbox 796 2996 924 3061; x_wconf 88' lang='lat' dir='ltr'>honore</span> <span class='ocrx_word' id='word_1_184' title='bbox 941 2992 1090 3079; x_wconf 89' lang='lat' dir='ltr'>sepulcri</span> <span class='ocrx_word' id='word_1_185' title='bbox 1129 3019 1165 3081; x_wconf 79' lang='lat'>43</span> 
     </span>
    </p>

    <p class='ocr_par' dir='ltr' id='par_1_21' title="bbox 160 3095 818 3189">
     <span class='ocr_line' id='line_1_27' title="bbox 160 3095 818 3189; baseline 0.011 -29"><span class='ocrx_word' id='word_1_186' title='bbox 160 3095 418 3181; x_wconf 89' lang='lat' dir='ltr'>Indeploratum</span> <span class='ocrx_word' id='word_1_187' title='bbox 433 3097 580 3163; x_wconf 89' lang='lat' dir='ltr'>barbara</span> <span class='ocrx_word' id='word_1_188' title='bbox 596 3110 687 3166; x_wconf 91' lang='lat' dir='ltr'>terra</span> <span class='ocrx_word' id='word_1_189' title='bbox 702 3100 818 3189; x_wconf 80' lang='lat' dir='ltr'>teget?</span> 
     </span>
    </p>
   </div>
   <div class='ocr_carea' id='block_1_9' title="bbox 14 3200 923 3289">
    <p class='ocr_par' dir='ltr' id='par_1_22' title="bbox 14 3200 923 3289">
     <span class='ocr_line' id='line_1_28' title="bbox 14 3200 923 3289; baseline 0.009 -25"><span class='ocrx_word' id='word_1_190' title='bbox 14 3200 15 3261; x_wconf 76' lang='grc' dir='ltr'><strong>ξ</strong></span> <span class='ocrx_word' id='word_1_191' title='bbox 117 3201 263 3289; x_wconf 88' lang='lat' dir='ltr'>Ecquid,</span> <span class='ocrx_word' id='word_1_192' title='bbox 282 3212 320 3267; x_wconf 92' lang='lat' dir='ltr'>ut</span> <span class='ocrx_word' id='word_1_193' title='bbox 335 3202 496 3279; x_wconf 89' lang='lat' dir='ltr'>audieris,</span> <span class='ocrx_word' id='word_1_194' title='bbox 513 3214 582 3270; x_wconf 87' lang='lat' dir='ltr'>tota</span> <span class='ocrx_word' id='word_1_195' title='bbox 599 3208 780 3273; x_wconf 87' lang='lat' dir='ltr'>turbabere</span> <span class='ocrx_word' id='word_1_196' title='bbox 798 3219 923 3283; x_wconf 88' lang='lat' dir='ltr'>mente,</span> 
     </span>
    </p>
   </div>
   <div class='ocr_carea' id='block_1_10' title="bbox 14 3307 1165 4036">
    <p class='ocr_par' dir='ltr' id='par_1_23' title="bbox 14 3307 1165 4036">
     <span class='ocr_line' id='line_1_29' title="bbox 159 3307 849 3397; baseline 0.01 -25"><span class='ocrx_word' id='word_1_197' title='bbox 159 3307 205 3372; x_wconf 89' lang='lat' dir='ltr'>Et</span> <span class='ocrx_word' id='word_1_198' title='bbox 220 3307 323 3374; x_wconf 84' lang='lat' dir='ltr'>series</span> <span class='ocrx_word' id='word_1_199' title='bbox 338 3309 463 3394; x_wconf 90' lang='lat' dir='ltr'>pavida</span> <span class='ocrx_word' id='word_1_200' title='bbox 479 3321 619 3397; x_wconf 87' lang='lat' dir='ltr'>pectora</span> <span class='ocrx_word' id='word_1_201' title='bbox 634 3314 705 3379; x_wconf 88' lang='lat' dir='ltr'>fida</span> <span class='ocrx_word' id='word_1_202' title='bbox 718 3310 849 3379; x_wconf 79' lang='lat' dir='ltr'>manu?</span> 
     </span>
     <span class='ocr_line' id='line_1_30' title="bbox 116 3412 1110 3514; baseline 0.007 -35"><span class='ocrx_word' id='word_1_203' title='bbox 116 3412 263 3501; x_wconf 89' lang='lat' dir='ltr'>Ecquid,</span> <span class='ocrx_word' id='word_1_204' title='bbox 280 3414 317 3479; x_wconf 92' lang='lat' dir='ltr'>in</span> <span class='ocrx_word' id='word_1_205' title='bbox 334 3416 397 3481; x_wconf 91' lang='lat' dir='ltr'>has</span> <span class='ocrx_word' id='word_1_206' title='bbox 412 3416 537 3483; x_wconf 84' lang='lat' dir='ltr'>frustra</span> <span class='ocrx_word' id='word_1_207' title='bbox 552 3420 697 3485; x_wconf 90' lang='lat' dir='ltr'>tendens</span> <span class='ocrx_word' id='word_1_208' title='bbox 712 3431 771 3485; x_wconf 91' lang='lat' dir='ltr'>tua</span> <span class='ocrx_word' id='word_1_209' title='bbox 787 3420 949 3486; x_wconf 91' lang='lat' dir='ltr'>bracchia</span> <span class='ocrx_word' id='word_1_210' title='bbox 965 3431 1110 3514; x_wconf 73' lang='lat' dir='ltr'>partes,⁴</span> 
     </span>
     <span class='ocr_line' id='line_1_31' title="bbox 160 3520 1165 3613; baseline 0.01 -26"><span class='ocrx_word' id='word_1_211' title='bbox 160 3520 338 3588; x_wconf 89' lang='lat' dir='ltr'>Clamabis</span> <span class='ocrx_word' id='word_1_212' title='bbox 355 3523 470 3589; x_wconf 90' lang='lat' dir='ltr'>miseri</span> <span class='ocrx_word' id='word_1_213' title='bbox 489 3546 614 3591; x_wconf 90' lang='lat' dir='ltr'>nomen</span> <span class='ocrx_word' id='word_1_214' title='bbox 630 3525 733 3591; x_wconf 88' lang='lat' dir='ltr'>inane</span> <span class='ocrx_word' id='word_1_215' title='bbox 749 3526 836 3592; x_wconf 85' lang='lat' dir='ltr'>viri?</span> <span class='ocrx_word' id='word_1_216' title='bbox 1131 3556 1165 3613; x_wconf 84' lang='lat'>50</span> 
     </span>
     <span class='ocr_line' id='line_1_32' title="bbox 14 3620 1064 3720; baseline 0.006 -31"><span class='ocrx_word' id='word_1_217' title='bbox 14 3620 15 3687; x_wconf 64' lang='grc' dir='ltr'><strong>ἐ</strong></span> <span class='ocrx_word' id='word_1_218' title='bbox 56 3639 59 3645; x_wconf 88' lang='grc'><em>·</em></span> <span class='ocrx_word' id='word_1_219' title='bbox 117 3626 225 3694; x_wconf 90' lang='lat' dir='ltr'>Parce</span> <span class='ocrx_word' id='word_1_220' title='bbox 240 3634 357 3694; x_wconf 85' lang='lat' dir='ltr'>tamen</span> <span class='ocrx_word' id='word_1_221' title='bbox 373 3631 526 3697; x_wconf 87' lang='lat' dir='ltr'>lacerare</span> <span class='ocrx_word' id='word_1_222' title='bbox 543 3646 664 3719; x_wconf 86' lang='lat' dir='ltr'>genas,</span> <span class='ocrx_word' id='word_1_223' title='bbox 684 3655 749 3698; x_wconf 90' lang='lat' dir='ltr'>nec</span> <span class='ocrx_word' id='word_1_224' title='bbox 766 3632 883 3699; x_wconf 90' lang='lat' dir='ltr'>scinde</span> <span class='ocrx_word' id='word_1_225' title='bbox 900 3633 1064 3720; x_wconf 79' lang='lat' dir='ltr'>capillos:</span> 
     </span>
     <span class='ocr_line' id='line_1_33' title="bbox 14 3734 1012 3824; baseline 0.003 -25"><span class='ocrx_word' id='word_1_226' title='bbox 14 3740 15 3755; x_wconf 64' lang='lat'>¹</span> <span class='ocrx_word' id='word_1_227' title='bbox 157 3734 240 3801; x_wconf 92' lang='lat' dir='ltr'>Non</span> <span class='ocrx_word' id='word_1_228' title='bbox 256 3734 317 3800; x_wconf 93' lang='lat' dir='ltr'>tibi</span> <span class='ocrx_word' id='word_1_229' title='bbox 334 3757 427 3801; x_wconf 93' lang='lat' dir='ltr'>nunc</span> <span class='ocrx_word' id='word_1_230' title='bbox 442 3737 612 3822; x_wconf 85' lang='lat' dir='ltr'>primum,</span> <span class='ocrx_word' id='word_1_231' title='bbox 623 3739 684 3803; x_wconf 86' lang='lat' dir='ltr'>lux</span> <span class='ocrx_word' id='word_1_232' title='bbox 699 3760 790 3814; x_wconf 85' lang='lat' dir='ltr'>mea,</span> <span class='ocrx_word' id='word_1_233' title='bbox 808 3751 925 3824; x_wconf 87' lang='lat' dir='ltr'>raptus</span> <span class='ocrx_word' id='word_1_234' title='bbox 941 3761 1012 3805; x_wconf 86' lang='lat' dir='ltr'>ero.</span> 
     </span>
     <span class='ocr_line' id='line_1_34' title="bbox 117 3840 979 3929; baseline 0.002 -22"><span class='ocrx_word' id='word_1_235' title='bbox 117 3840 205 3907; x_wconf 86' lang='lat' dir='ltr'>Cum</span> <span class='ocrx_word' id='word_1_236' title='bbox 222 3841 369 3927; x_wconf 88' lang='lat' dir='ltr'>patriam</span> <span class='ocrx_word' id='word_1_237' title='bbox 386 3842 498 3918; x_wconf 92' lang='lat' dir='ltr'>amisi,</span> <span class='ocrx_word' id='word_1_238' title='bbox 515 3853 596 3908; x_wconf 90' lang='lat' dir='ltr'>tunc</span> <span class='ocrx_word' id='word_1_239' title='bbox 613 3864 668 3908; x_wconf 90' lang='lat' dir='ltr'>me</span> <span class='ocrx_word' id='word_1_240' title='bbox 684 3844 825 3929; x_wconf 86' lang='lat' dir='ltr'>periisse</span> <span class='ocrx_word' id='word_1_241' title='bbox 842 3855 958 3929; x_wconf 87' lang='lat' dir='ltr'>putato</span> <span class='ocrx_word' id='word_1_242' title='bbox 967 3865 979 3920; x_wconf 69' lang='grc' dir='ltr'><strong>ς</strong></span> 
     </span>
     <span class='ocr_line' id='line_1_35' title="bbox 160 3946 888 4036; baseline 0 -23"><span class='ocrx_word' id='word_1_243' title='bbox 160 3946 204 4013; x_wconf 90' lang='lat' dir='ltr'>Et</span> <span class='ocrx_word' id='word_1_244' title='bbox 219 3948 314 4035; x_wconf 91' lang='lat' dir='ltr'>prior</span> <span class='ocrx_word' id='word_1_245' title='bbox 328 3958 363 4014; x_wconf 90' lang='lat' dir='ltr'>et</span> <span class='ocrx_word' id='word_1_246' title='bbox 377 3947 516 4036; x_wconf 86' lang='lat' dir='ltr'>gravior</span> <span class='ocrx_word' id='word_1_247' title='bbox 531 3970 623 4015; x_wconf 87' lang='lat' dir='ltr'>mors</span> <span class='ocrx_word' id='word_1_248' title='bbox 639 3949 703 4015; x_wconf 89' lang='lat' dir='ltr'>fuit</span> <span class='ocrx_word' id='word_1_249' title='bbox 717 3949 777 4015; x_wconf 91' lang='lat' dir='ltr'>illa</span> <span class='ocrx_word' id='word_1_250' title='bbox 792 3949 888 4016; x_wconf 87' lang='lat' dir='ltr'>mihi.</span> 
     </span>
    </p>
   </div>
   <div class='ocr_carea' id='block_1_11' title="bbox 0 0 1363 4325">
    <p class='ocr_par' dir='ltr' id='par_1_24' title="bbox 0 0 1363 4325">
     <span class='ocr_line' id='line_1_36' title="bbox 0 0 1363 4325; baseline 0 0"><span class='ocrx_word' id='word_1_251' title='bbox 0 0 1363 4325; x_wconf 95' lang='lat' dir='ltr'> </span> 
     </span>
    </p>
   </div>
  </div>
 </body>
</html>
