2709 4325
189 266 234 335 82
489 266 561 334 The
589 268 808 356 Calydomizn
831 268 947 335 Hunt.
1025 336 1037 355 ,
1098 286 1248 359 [Murrus.
1347 269 1348 272 ¹

190 486 260 531 uon
277 466 374 541 soret,
392 462 428 531 in
444 475 542 557 tergo
558 466 633 533 visa
649 477 702 537 est
717 468 865 533 haesura
882 466 986 551 petito
996 498 1043 517 *-

189 570 328 659 longius
344 570 370 635 it
381 594 390 643 t
401 620 405 627 .
415 584 533 638 auctor
549 572 607 637 teli
623 571 826 660 Pagasaeus
843 572 959 639 I'aison.

192 676 380 753 ‘Phoebe'
397 678 442 749 ait
457 677 672 765 Ampycides
691 679 741 746 ‘si
758 692 790 745 te
808 680 966 765 coluique
983 681 1143 769 coloque,
1193 716 1247 771 350

190 784 235 849 da
253 783 336 848 mihi
352 785 443 870 quod
460 785 583 871 petitur
600 796 692 851 certo
708 785 908 873 contingere
926 786 993 852 telo
1006 785 1034 852 l’

190 910 258 975 qua
275 890 392 974 potuit,
410 890 569 975 precibus
586 891 670 961 deus
688 891 825 965 annuit,
869 891 1098 965 Ictusab'illo
1115 906 1187 973 est,

190 996 250 1061 sed
268 995 345 1063 sine¹
359 996 513 1071 vulnere,
532 1017 636 1081 aper:
661 997 788 1064 serrum
807 996 922 1069 Diana
938 1000 1069 1069 volanti

189 1101 376 1166 abstulerat
387 1101 505 1189 jaculo
515 1124 525 1176 ;
550 1102 686 1189 lignum
702 1103 775 1170 sine
793 1105 954 1173 acumine
970 1106 1075 1175 venit.

234 1207 290 1271 Ira
307 1206 369 1277 seri
387 1219 478 1276 mota
495 1218 557 1284 est,
577 1230 641 1273 nec
658 1209 801 1277 fulmine
819 1212 929 1282 lenius
947 1213 1048 1281 arsit:
1091 1277 1094 1283 ,
1193 1245 1244 1303 355

189 1314 314 1379 emicat
329 1334 373 1378 ex
389 1314 511 1390 oculis,
529 1315 636 1401 spirat
651 1338 789 1404 quoque
806 1331 944 1404 pectore
959 1320 1113 1390 flamma·
1226 1383 1230 1391 ,

189 1433 292 1509 utque
308 1421 401 1493 uolat
417 1422 525 1494 moles
542 1422 690 1495 adducto
706 1425 841 1491 concita
858 1448 978 1503 nervo,

189 1550 267 1593 cum
284 1528 368 1614 petit
383 1539 441 1593 aut
456 1551 585 1607 muros,
604 1541 662 1603 aut
678 1532 800 1617 plenas
817 1534 923 1601 milite
938 1544 1062 1611 turres,
1176 1596 1182 1603 .

184 1636 224 1729 in
236 1636 381 1724 juvenes
397 1648 490 1703 certo
506 1637 556 1703 sic
572 1637 699 1724 impete
714 1640 897 1708 vulnificus
914 1662 974 1707 sus
1157 1702 1160 1707 .

188 1743 305 1820 fertur,
323 1753 357 1810 et
372 1742 590 1830 Eupalamon
607 1745 867 1835 Pelagonaque,
886 1747 1008 1816 dextra
1024 1758 1158 1816 tuentes
1190 1766 1245 1834 360

188 1870 337 1943 cornua,
349 1851 540 1935 prosternit.
590 1852 685 1921 Socii
694 1864 847 1939 rapuere
859 1853 1047 1941 jacentes3·
1114 1912 1118 1923 r

188 1966 223 2021 at
238 1976 308 2021 non
323 1957 472 2027 letiferos
488 1958 610 2047 effugit
626 1960 832 2028 Enaesimus
848 1961 942 2028 ictus,
1028 2025 1031 2029 Δ
1063 1994 1069 2004 ·
1097 2021 1101 2029 ,
1148 2026 1151 2030 ,

189 2061 430 2149 Hippocoonte
446 2075 560 2133 satus:
584 2066 863 2151 trepidantem-et
877 2078 975 2156 terga
991 2078 1186 2156 parantem⁴

186 2183 316 2236 vertere
333 2171 467 2242 succiso
483 2173 654 2260 liquerunt
670 2175 798 2260 poplite
815 2175 925 2246 nerui,
959 2234 962 2241 .
1052 2250 1055 2258 ,

168 2266 327 2344 'forsitan
344 2278 513 2367 eth'lius
530 2281 613 2350 citra
628 2281 782 2370 Trojano
795 2283 944 2368 ,perisset
1188 2303 1241 2378 365

185 2396 361 2471 tempora:
385 2387 447 2454 sod
462 2398 599 2474 sumpto
609 2388 725 2474 posita
742 2389 925 2456 conamine
942 2390 985 2456 ab
1002 2391 1111 2458 hasta.

186 2491 318 2558 arboris
333 2492 474 2570 insiluit,
491 2515 580 2580 quae
597 2496 709 2562 stabat
724 2495 894 2580 proxima,
914 2495 1032 2574 ramis,

184 2599 421 2687 despexitque,
440 2602 515 2668 loco
532 2612 635 2678 tutuS,
654 2623 757 2688 quem
773 2602 1071 2690 sugerarhostem.
1155 2668 1175 2674 ..

172 2691 200 2704 “’
226 2706 399 2794 Dentibus
414 2707 473 2774 ille
489 2707 586 2776 ferox
602 2709 637 2774 in
653 2729 785 2795 querno
801 2709 1026 2802 stipitetritis
1047 2772 1067 2782 ..
1115 2777 1119 2782 .
1230 2770 1233 2778 .

182 2813 338 2881 imminet
354 2815 471 2892 enitiO,
488 2816 667 2904 fidensque
683 2815 1001 2898 recentibus-armis
1048 2881 1053 2889 .
1075 2879 1091 2886 .,
1186 2848 1241 2905 37⁰

183 2921 374 3008 Ornytidae
390 2922 511 3010 magni
527 2933 634 2988 rostro
651 2921 893 3014 femurhausit
908 2923 1073 2991 adunco·¹
1154 2937 1158 2943 ’

183 3040 218 3094 at
234 3029 377 3116 gemini,
395 3031 549 3096 nondum
566 3029 733 3096 caelestia
745 3029 869 3106 sidera,
888 3029 1023 3107 fratres,

147 3143 154 3188 Ι
182 3137 285 3200 ambo
302 3137 491 3222 conspicui,
510 3135 590 3204 nive
605 3135 860 3206 candidioribus
877 3124 978 3203 ambo

181 3241 405 3307 vectabantur
420 3243 530 3330 equis,
549 3226 652 3338 ambo
669 3243 802 3312 vibrata
819 3263 880 3328 per
897 3264 998 3310 auras
1036 3268 1070 3314 ,·
1144 3309 1148 3313 ,
1230 3303 1233 3313 .

67 3359 73 3370 ’
134 3371 135 3376 ’
182 3339 359 3413 hastarum
374 3350 520 3416 tremulo
537 3349 885 3436 quatiebantfspicula
902 3361 1008 3418 motu·
1060 3408 1064 3416 .
1185 3381 1237 3438 375

180 3457 324 3520 vulnera
341 3456 513 3532 fecissent,
532 3456 768 3544 nisiz‘saetiger¹
780 3457 868 3524 inter
884 3469 1013 3543 opacas

180 3581 246 3626 nec
258 3561 383 3649 jaculis
398 3561 479 3628 isset
494 3583 560 3627 nec
575 3571 664 3649 eq'uo
681 3565 758 3628 loca
775 3564 905 3648 pervia,
924 3563 1041 3631 silvas.

224 3668 444 3756 Persequitur
460 3669 645 3742 Telamon,
664 3671 847 3755 studioque
863 3669 1022 3736 incautus
1038 3667 1144 3737 eundi

179 3795 308 3859 pronus
326 3775 368 3838 ab
386 3775 529 3840 arborea
546 3775 670 3841 cecidit
685 3775 802 3840 radice
818 3787 979 3842 retentus.

179 3880 262 3944 dum
278 3880 369 3946 levat
384 3881 477 3946 hunc
493 3879 630 3957 Peleus,
650 3882 797 3946 celerem
810 3881 982 3968 'Tegeaea
998 3882 1162 3971 sagittam
1182 3901 1238 3969 380

178 3986 340 4072 imposuit
356 4009 473 4065 nervn,
493 3987 695 4075 sinuatoque
711 3986 843 4072 expulit
858 4007 953 4056 arcu·
1015 4051 1019 4058 .
