2709 4325
118 291 295 364 xt11.853.]
439 271 542 360 Song
561 275 609 355 of
620 272 865 361 Polyphemus.
1111 291 1176 359 ,133

119 471 249 538 arbutei
265 471 376 536 setus:
403 469 516 536 omnis
531 469 591 534 tibi
608 469 733 534 serviet
749 470 865 534 arbos.
961 474 965 480 ’
1126 486 1177 539 820

163 580 273 646 ‘Hoc
296 600 405 665 pecus
429 599 531 644 omne
553 599 667 642 meum
685 589 758 642 est:
782 577 909 642 multae
926 595 1063 663 quoque
1080 577 1175 641 valli-

254 687 321 751 bus
338 695 466 759 errant,

120 795 245 859 multas
262 792 350 858 silva
368 791 468 878 tegit,
488 791 614 855 multae
632 790 846 855 stabulantur
860 789 895 853 in
913 789 1039 865 antris3

119 921 196 976 nec,
215 898 245 964 si
262 898 349 963 sorte
365 917 482 984 roges,
501 896 630 982 possim
645 895 705 960 tibi
724 896 839 960 dicere
855 907 937 981 quot
953 896 1039 961 sint:

119 1003 283 1093 pauperis
300 1013 351 1068 est
366 1003 548 1067 numerare
564 1023 683 1088 pecus.
733 1000 788 1066 De
804 1001 964 1068 laudibus
980 1002 1102 1066 harum

120 1113 168 1176 nil
184 1110 270 1175 mihi
288 1108 495 1174 credideris:
519 1129 685 1194 praesens
701 1117 797 1192 potes
814 1107 889 1192 ipsa
904 1108 1035 1184 videre,
1123 1129 1174 1196 825

121 1228 158 1283 ut
171 1217 231 1282 vix
248 1217 462 1282 circumeant
477 1206 662 1280 distentum
679 1211 836 1279 cruribus
852 1215 949 1280 uber.

121 1335 211 1400 sunt,
230 1323 341 1388 fetura
359 1321 482 1396 minor,
500 1319 623 1405 tepidis
639 1319 675 1382 in
685 1319 838 1386 'ovilibus
855 1321 959 1409 agni3
1098 1401 1101 1404 ⁴

121 1441 199 1496 sunt
214 1448 367 1516 quoque,
385 1439 572 1514 peractae,
591 1425 666 1489 aliis
682 1425 719 1489 in
735 1426 881 1492 ovilibus
899 1429 1015 1493 haedi.

120 1539 175 1603 lac
191 1535 278 1600 mihi
294 1556 432 1620 semper
448 1535 544 1599 adest
560 1531 721 1596 niveum:
746 1553 826 1619 pars
842 1534 923 1599 inde
939 1534 1087 1600 bibenda

120 1654 290 1717 servatur,
309 1653 441 1727 partem
458 1638 641 1725 liquefacta
659 1640 807 1726 coagula
824 1641 958 1705 durant.
1123 1657 1175 1722 830

159 1761 176 1816 .‘
191 1748 271 1814 Nec
285 1746 347 1813 tibi
362 1745 507 1813 deliciae
525 1743 656 1818 faciles,
675 1747 883 1833 vulgataque
899 1758 1028 1811 tanturn

120 1875 267 1920 munera
284 1853 495 1940 contingent,
514 1851 689 1926 dammae,
706 1853 923 1939 leporesque,
941 1872 1126 1938 caperque,

119 1983 227 2048 parve
244 1960 494 2033 columbarum,
512 1957 715 2042 demptusve
732 1959 912 2025 cacumine
928 1960 1041 2026 nidus.

119 2066 236 2133 inveni
254 2066 425 2154 geminos
442 2065 502 2152 qui
517 2075 631 2129 tecum
649 2066 768 2131 ludere
786 2065 929 2152 possint,

119 2174 207 2239 inter
223 2194 262 2241 se
278 2173 420 2247 similes,
438 2172 497 2239 vix
514 2183 558 2267 ut
565 2171 770 2267 dignoscere
786 2174 911 2259 possis,
1030 2205 1033 2213 1
1123 2193 1174 2261 835

117 2280 264 2346 villosae
278 2280 413 2348 „catulos
428 2278 462 2342 in
479 2278 622 2343 summis
640 2279 811 2345 montibus
827 2301 950 2356 ursae3

118 2386 251 2463 inveni,
269 2397 303 2451 et
318 2384 391 2451 dixi
406 2384 584 2451 Dominae
597 2386 811 2451 servabimus
827 2388 920 2451 istos.

113 2494 189 2582 jam
208 2492 311 2557 modo
328 2492 488 2586 caeruleo
504 2490 647 2557 nitidum
665 2503 768 2577 caput
784 2514 906 2559 exsere
923 2505 1040 2579 ponto,

114 2599 205 2689 jam,
223 2597 384 2674 Galatea,
402 2597 494 2672 veni,
513 2618 577 2663 nec
594 2618 736 2663 munera
753 2598 892 2684 despice
910 2612 1038 2665 nostra.

167 2716 177 2746 ⁶
193 2703 297 2771 Certe
313 2724 381 2791 ego
397 2724 452 2769 me
468 2704 560 2779 novi,
576 2704 795 2792 liquidaeque
811 2705 847 2774 in
863 2705 1016 2793 imagine
1033 2707 1103 2771 vidi
1123 2724 1176 2790 840

118 2832 232 2899 nuper
249 2830 378 2898 aquae:
394 2801 589 2898 placuitque
606 2811 690 2875 mihi
706 2832 784 2876 mea
800 2811 910 2877 forma
926 2812 1067 2877 videnti.

118 2920 253 3005 aspice,
272 2918 336 2984 sim
354 2930 523 3005 quantus:
548 2938 618 2983 non
634 2928 686 2983 est
701 2918 768 2983 hoc
784 2931 926 3003 corpore
942 2917 1052 3007 major
1120 2930 1124 2937 “

111 3024 277 3112 Juppiter
292 3024 327 3092 in
343 3025 442 3113 caelo
453 3060 499 3073 -·
510 3046 591 3089 narn
607 3045 669 3091 vos
686 3044 825 3089 narrare
842 3024 958 3091 soletis

118 3133 240 3199 nescio
255 3144 359 3217 quem
375 3150 522 3218 regnare
534 3130 669 3216 Jovem.
720 3129 831 3197 Coma
848 3132 994 3216 plurima
1011 3142 1126 3197 torvos

117 3237 293 3322 prominet
308 3236 343 3301 in
359 3237 485 3310 vultus,
504 3239 746 3325 humerosque,
765 3249 802 3302 ut
817 3238 927 3313 lucus,
945 3239 1138 3305 obumbrat.

118 3364 187 3409 nec
203 3342 289 3407 mihi
304 3343 396 3429 quod
412 3341 532 3429 rigidis
549 3343 688 3409 horrent
703 3343 907 3410 densissima
924 3344 1025 3409 saetis

118 3468 281 3534 corpora,
299 3459 397 3533 turpe
415 3460 508 3534 puta.
555 3449 684 3535 Turpis
701 3451 775 3517 sine
792 3449 970 3516 frondibus
987 3452 1109 3526 arbor3

117 3554 233 3640 turpis¹
247 3574 369 3641 equus,
388 3552 452 3619 nisi
469 3555 558 3619 colla
571 3554 675 3642 jubae
692 3555 853 3621 flaventia
872 3556 1007 3631 velent;

118 3660 231 3725 barba
247 3659 340 3737 viros
357 3660 532 3746 hirtaeque
548 3661 672 3726 decent
687 3662 722 3727 in
740 3683 882 3747 corpore
900 3674 1028 3729 saetae.
1124 3681 1178 3748 850

118 3789 230 3833 unum
248 3778 300 3832 est
315 3766 350 3831 in
368 3766 481 3831 media
497 3768 613 3832 lumen
631 3768 714 3831 mihi
732 3769 854 3843 fronte,
872 3770 934 3833 sed
951 3770 1057 3835 instar

118 3872 274 3961 ingentis
290 3872 405 3958 clipei.
421 3894 422 3899 ¹
455 3870 573 3955 Qrid?
596 3894 665 3937 non
683 3874 902 3937 haecomnia
920 3894 1049 3960 magno

120 3981 174 4045 sol
192 3978 286 4045 videt
301 3998 320 4043 e
337 3976 456 4055 caelo?
480 3978 542 4043 soli
558 3989 673 4043 tamen
691 3976 812 4043 unicus
827 3978 951 4044 orbis«
