2709 4325
121 253 192 309 Vm.
210 254 281 327 224]
326 324 334 337 .
383 238 456 307 His
489 237 667 326 Warm'ng
685 246 720 305 to
742 238 883 305 Icarus.
1115 254 1157 327 77

117 444 146 497 ut
159 433 241 499 clivo
257 406 409 501 ciiivisse
426 446 538 522 putes.
587 434 650 501 Sic
665 435 792 502 mstica
807 436 982 523 quondam

114 540 213 605 fistula
228 508 427 627 dispiaribus
443 541 611 628 paulatim
627 543 738 629 surgit
754 543 886 609 avenis.

114 656 174 711 tum
188 648 255 713 lino
272 649 410 714 medias
427 660 461 714 et
477 649 566 713 ceris
582 649 715 736 adligat
729 648 831 725 imas,

112 762 200 839 atque
216 754 262 819 ita
280 754 490 840 compositas
507 776 615 840 parvo
630 753 831 821 curvamine
846 754 965 831 flectit,

110 871 141 941 ut
153 882 248 927 veras
265 861 419 950 imitetur
436 881 531 927 aves.
579 860 672 927 Puer
688 860 807 927 Icarus
822 882 893 927 una
1108 892 1158 951 195

109 967 220 1044 stabat,
240 980 287 1045 et,
307 966 453 1057 igriarus
465 989 533 1033 ¹sua
549 988 587 1032 se
603 977 749 1047 tractare
766 968 907 1052 pericla,
1123 1012 1136 1024 .-
1157 1015 1162 1029 .
1183 989 1236 1028 ι

108 1093 159 1137 ore
174 1074 348 1140 renidenti
365 1074 466 1141 modo
483 1094 570 1160 quas
585 1093 678 1159 vaga
696 1086 848 1140 moverat
864 1094 962 1151 aura,

107 1180 259 1264 captabat
274 1182 428 1267 plumas,
446 1180 574 1245 flavam
592 1178 699 1250 modo,
710 1179 834 1264 pollice
851 1200 967 1247 ceram

47 1378 48 1383 γ
107 1285 265 1405 mqpibat,
287 1288 434 1374 lusuque
451 1307 513 1352 suo
531 1284 688 1351 mirabile
705 1286 811 1371 patris

106 1389 313 1475 impediebat
328 1414 426 1477 opus·
476 1390 662 1510 Postqpam
682 1411 805 1459 manua
821 1392 941 1459 ultima
958 1392 1088 1480 coeptis
1106 1424 1160 1465 200

106 1493 260 1582 imposita
279 1509 341 1575 est,
360 1498 519 1587 geminas
535 1498 652 1583 opifex
668 1497 805 1565 libravit
820 1498 855 1566 iu
871 1501 945 1565 alas

13 1660 14 1667 ,
105 1602 172 1687 ipse
187 1609 294 1671 suum
310 1626 449 1691 corpus,
468 1617 635 1692 motaque¹
646 1604 809 1690 pependit
824 1604 859 1672 ia
878 1624 974 1672 aura.

108 1722 111 1729 ’
146 1709 289 1777 Instruit
305 1723 339 1777 et
354 1722 486 1788 natum,
508 1710 670 1778 ‘Medio'
685 1732 753 1797 que
772 1722 833 1776 ‘ur
848 1711 955 1782 limite
971 1731 1103 1788 curras,

107 1814 223 1895 lcare‚’
241 1818 290 1883 ait
307 1828 466 1894 ‘monem
485 1840 545 1893 ne,
562 1817 590 1883 si
607 1816 788 1883 demissior
803 1816 882 1892 ibis,

105 1924 192 1989 unda
211 1936 335 2013 gravet
351 1946 498 2009 pennas,
517 1924 545 1990 si
562 1924 699 1999 celsior,
717 1920 809 2011 ignis
828 1924 970 1990 aduratz
997 1978 1013 1992 ,,
1079 1952 1083 1960 ·
1107 1955 1158 2011 203

106 2027 187 2095 iuter
202 2044 387 2118 utrumque
403 2031 496 2097 vola.
546 2030 623 2097 Neo
639 2041 671 2095 te
689 2042 846 2115 spectare
862 2028 993 2096 Booten

107 2148 160 2202 aut
176 2138 326 2236 Helicep
340 2138 461 2258 queo,
479 2136 700 2224 strictumque
716 2135 856 2207 Orionis
873 2158 990 2210 ensem
1005 2159 1014 2200 ι

107 2264 158 2309 me
174 2247 263 2310 duce
279 2220 519 2330 'cssa‘rpdviam
564 2243 698 2312 Pariter
713 2255 898 2330 praecepta
913 2244 1054 2310 volandi

107 2352 213 2428 tradit,
233 2363 271 2416 et
279 2351 418 2439 ignotas
436 2350 588 2416 humeris
606 2351 847 2437 adcommodat
863 2350 958 2421 alasa

107 2454 190 2522 inter
205 2479 292 2544 opus
311 2457 527 2543 monitusque
544 2437 655 2544 getiae
674 2457 837 2522 maduere
852 2457 993 2531 seniles.
1107 2489 1159 2534 210

109 2574 138 2626 et
149 2567 282 2650 patriae
298 2574 469 2628 tremuere
486 2583 620 2628 manus.
671 2562 776 2628 Dedit
791 2564 909 2630 oscula
927 2574 1007 2628 nato
1032 2627 1037 2636 ,
1120 2627 1124 2635 ,

108 2689 172 2734 non
188 2671 311 2736 iterum
328 2669 514 2754 repetenda
531 2690 615 2744 su03
641 2669 983 2756 pennisquetevatus

110 2777 303 2851 antevolat,
323 2775 506 2861 comitique
522 2776 630 2850 timet,
649 2777 743 2840 velut
758 2777 843 2852 ales,
863 2777 906 2841 ab
923 2777 993 2843 alto

109 2903 191 2968 quae
207 2894 364 2948 teneram
382 2881 513 2966 prolem
529 2882 690 2968 produxit
705 2884 742 2948 in
759 2889 839 2950 aera
856 2884 938 2950 nido
947 2905 959 2958 3

109 2989 326 3076 hortaturque
343 2988 451 3074 sequi,
467 2990 721 3075 damnosasque
737 2990 850 3057 erudit
866 3003 969 3067 artes,

106 3107 138 3162 et
153 3108 265 3162 movet
282 3096 357 3180 ipse
375 3115 454 3160 suas
471 3108 502 3160 et
519 3095 588 3160 -nati
605 3095 745 3181 respicit
761 3098 849 3162 aias.

149 3203 224 3269 Hos
241 3201 529 3302 aliquisytremula
543 3203 628 3268 dum
646 3215 761 3298 captat
778 3203 946 3271 arundine
962 3203 1088 3290 pisces,

107 3321 160 3374 aut
175 3321 295 3396 pastor
310 3307 448 3384 baculo,
467 3309 597 3374 stivave
614 3290 753 3376 iririixus
771 3321 897 3388 arator,

106 3417 196 3491 vidit,
216 3426 251 3480 et
267 3414 453 3498 obstupuit,
472 3415 598 3503 quique
616 3418 755 3484 aethera
772 3437 913 3502 carpere
930 3427 1081 3504 possent,

107 3501 247 3588 credidit
264 3541 343 3585 esse
353 3515 453 3585 deos.
484 3533 487 3538 ’
503 3522 547 3588 Et
558 3522 631 3610 jam
643 3522 794 3608 Junonia
808 3524 910 3588 laeva
1107 3553 1158 3593 πο

105 3641 197 3714 parte
209 3601 483 3725 'Samosfueraa
503 3605 677 3715 Deliisque
696 3600 872 3715 Paiosque
889 3629 1040 3702 relictae,
1145 3682 1148 3687 ,

105 3725 222 3802 dextra
240 3719 433 3800 Lebirithos
449 3746 534 3809 erat,
552 3735 768 3821 fecundaque
786 3737 886 3800 melle
903 3735 1088 3822 Calymne,

106 3864 180 3908 cum
199 3863 289 3928 puer
307 3840 430 3904 audaci
446 3841 558 3930 coepit
574 3841 728 3928 gaudere
744 3842 874 3916 volatu,

105 3951 325 4034 deseruitque
342 3947 478 4024 ducem,
497 3947 651 4033 caelique
668 3945 832 4031 cupidine
848 3957 974 4012 tractus

164 4081 171 4093 „
368 4103 371 4110 ·
718 4077 765 4093 ’·
816 4079 842 4134 a
902 4071 948 4130 tf

145 4105 357 4170 tersisse)
447 4099 575 4157 taff-i
617 4107 794 4144 *wis*
844 4104 887 4134 Μ’
918 4106 943 4135 ⁸¹
