2709 4325
128 238 309 312 xur.143.]
477 217 594 310 Reply
617 224 665 308 of
685 221 833 309 Ulysses.
1121 240 1182 286 121

128 439 193 482 nec
209 419 357 503 clipeus,
374 419 461 485 vasti
478 420 629 485 caelatus
645 419 800 506 imagine
816 419 948 495 mundi,
1136 450 1186 489 110

129 524 312 588 conveniet
327 525 468 590 timidae
484 537 653 611 nataeque
671 527 715 590 ad
731 526 819 589 furta
836 525 1007 590 sinistrae.
1122 532 1125 535 ‘

130 630 387 695 debilitaturum
403 632 486 719 quid
502 643 534 696 te
550 631 650 717 petiS,
669 631 838 717 improbe,
857 630 1005 697 munus?

130 738 222 823 quod
239 737 300 802 tibi
316 737 344 802 si
361 738 479 823 populi
496 737 675 802 donaverit
691 758 785 802 error
801 735 941 813 Achivi,

132 865 193 908 cur
209 843 368 929 spolieris
384 844 459 919 erit,
477 865 547 908 non
564 864 624 908 cur
641 842 804 912 metuaris
822 843 865 907 ab
884 844 1002 910 hoster

130 961 163 1014 et
179 949 279 1038 suga,
297 971 366 1036 qua
382 950 455 1015 sola
472 963 626 1025 cunctos,
644 948 873 1024 timidissime,
891 951 1013 1026 vincis,
1137 981 1184 1036 ¹15

131 1057 229 1122 tarda
247 1056 360 1121 sutura
375 1055 435 1122 tibi
453 1067 503 1122 est
519 1055 714 1144 gestamina
730 1066 824 1120 tanta
843 1058 1002 1122 trahenti.

177 1159 306 1228 ‘Adde
322 1163 413 1249 quod
430 1161 493 1230 iste
509 1174 600 1237 tuus,
618 1174 688 1226 tam
705 1182 782 1226 raro
800 1163 930 1247 proelia
947 1186 1081 1249 passae,

132 1269 267 1358 integer
283 1280 336 1335 est
350 1269 501 1354 clipeus:
527 1280 655 1342 nostro,
673 1267 732 1354 qui
749 1267 818 1334 tela
833 1269 975 1336 serendo

133 1377 224 1442 mille
242 1387 335 1462 patet
350 1376 476 1463 plagis
495 1397 604 1440 novus
615 1387 673 1440 'est
689 1396 869 1444 successor
886 1377 1076 1442 habendus.

133 1483 294 1570 denique,
312 1482 396 1569 quid
411 1482 525 1548 verbis
540 1503 629 1566 opus
645 1478 718 1546 est?
764 1480 969 1567 Spectemur
985 1480 1142 1571 agendol

135 1610 230 1655 arma
246 1588 312 1654 viri
327 1588 423 1655 sortis
439 1588 571 1654 medios
587 1587 764 1653 mittantur
780 1588 816 1653 in
833 1589 969 1654 hostes:

134 1698 212 1764 inde
225 1696 344 1784 jubete
360 1695 443 1781 peti,
460 1706 494 1762 et
509 1697 714 1762 referentem
731 1707 851 1760 ornate
866 1695 1007 1760 relatis’

177 1803 334 1870 Finierat
348 1801 540 1868 Telamone
554 1813 663 1876 satus,
683 1802 847 1892 vulgique
864 1816 1019 1867 secutum

134 1911 254 1976 ultima
271 1930 425 1974 murmur
440 1921 533 1982 erat3
558 1908 670 1973 donec
686 1907 846 1973 Laertius
863 1910 964 1973 heros

138 2017 250 2092 astitit,
269 2028 372 2102 atque
387 2015 505 2081 oculos
521 2015 664 2101 paulum
680 2015 801 2080 tellure
819 2026 967 2081 moratos
1140 2043 1188 2100 ης

137 2123 273 2191 sustulit
286 2123 330 2189 ad
347 2143 520 2210 proceres,
538 2131 787 2209 expectatoque
804 2122 942 2189 resolvit

137 2253 195 2299 ora
211 2252 319 2305 sono;
344 2250 457 2317 neque
472 2229 570 2295 abest
585 2229 744 2294 facundis
759 2230 870 2317 gratia
887 2230 998 2296 dictis.

182 2350 192 2380 ⁴
207 2337 248 2404 Si
262 2357 343 2403 mea
359 2357 438 2403 cum
454 2337 576 2401 vestris
591 2335 780 2401 valuissent
795 2348 888 2410 vota,
907 2336 1060 2424 Pelasgi,

138 2469 205 2513 non
221 2447 309 2512 foret
325 2444 509 2532 ambiguus
525 2442 609 2508 tanti
626 2444 823 2509 certaminis
839 2446 951 2519 heres,

138 2565 242 2640 tuque
257 2552 325 2617 tuis
342 2552 458 2627 armis,
476 2563 588 2616 noste
606 2554 812 2636 poteremur,
830 2548 982 2615 Achille.
1143 2580 1192 2635 130

139 2681 242 2747 quent
257 2658 421 2746 quoniam
438 2680 507 2723 non
525 2678 637 2743 aequa
653 2654 737 2721 mihi
753 2650 919 2743 vobisque
936 2669 1107 2744 negarunt

139 2766 233 2842 sata,’
250 2784 423 2850 manuque
441 2763 543 2829 simul
559 2764 664 2827 veluti
681 2762 895 2828 lacrimantia
911 2764 1004 2829 tersit

141 2872 273 2938 lumina
291 2872 391 2957 ‘quis
409 2892 539 2957 magno
557 2869 680 2934 melius
696 2869 860 2934 succedat
875 2868 1017 2941 Achilli,

142 2999 246 3067 quant
263 2998 325 3065 per
340 2998 444 3063 quem
461 2998 610 3065 magnus
627 2976 761 3041 Danais
778 2978 942 3040 successit
958 2973 1136 3040 Achilles?

144 3086 223 3151 huic
240 3084 342 3149 modo
359 3104 403 3148 ne
419 3084 537 3169 prosit,
557 3084 661 3169 quod,
677 3082 726 3146 uti
744 3093 808 3156 est,
826 3081 932 3147 hebes
948 3103 1024 3147 esse
1040 3082 1194 3146 videtur:

145 3212 232 3257 neve
245 3188 328 3255 mihi
340 3202 474 3265 noceat,
492 3190 584 3276 quod
602 3190 698 3255 vobis
713 3210 864 3273 semper,
882 3187 1020 3262 Achivi,

147 3297 270 3383 proluit
285 3295 484 3383 ingenium
509 3316 658 3383 meaque
672 3298 761 3360 haec
777 3295 951 3368 facundia,
971 3294 1069 3381 siqua
1086 3304 1150 3369 est,

148 3422 234 3488 quae
250 3422 343 3467 nunc
360 3422 423 3486 pro
438 3400 595 3475 domino,
609 3422 670 3485 pro
687 3400 784 3465 vobis
801 3420 905 3485 saepe
924 3400 1036 3463 locuta
1054 3409 1116 3472 est,

149 3506 274 3573 invidia
290 3517 427 3581 caream
451 3506 542 3571 hona
558 3528 623 3571 nec
638 3528 702 3571 sua
719 3507 863 3593 quisque
881 3518 1028 3571 recuset.

194 3612 309 3679 ‘Nam
327 3634 439 3699 genus
456 3622 489 3677 et
504 3632 649 3695 proavos
666 3625 699 3676 et
715 3634 804 3698 quae
820 3635 888 3678 non
908 3614 1052 3678 lecimus
1070 3610 1147 3696 ipsi,

152 3718 207 3785 vix
223 3740 263 3785 ea
279 3731 394 3785 nostra
410 3738 508 3783 voco.
557 3716 628 3781 Sed
644 3718 751 3793 enim,
768 3719 849 3804 quia
865 3720 990 3783 rettulit
1008 3718 1101 3804 Ajax

155 3845 225 3894 esse
236 3824 332 3912 Jovis
349 3844 533 3909 pronepos,
551 3823 656 3887 nostri
673 3842 809 3908 quoque
826 3823 1005 3909 sanguinis
1026 3834 1144 3890 auctor

152 3928 301 4017 Juppiter
317 3941 379 4007 est,
395 3929 603 4015 totidemque
619 3928 751 4015 gradus
766 3929 932 4005 distamus
948 3927 992 3991 ab
1008 3927 1079 4001 illo,
1165 3911 1168 3916 ’
1196 3932 1200 3937 ’
