2709 4325
191 253 254 324 132
502 238 573 306 Tae
603 238 689 306 Tale
711 242 760 326 of
778 239 939 306 Galatea.
1094 253 1244 325 [Marta.

189 446 370 504 senserunt
385 438 510 512 undae.
560 437 717 503 Latitans
734 460 801 526 ego
817 459 916 523 rupe,
933 435 1071 525 meique

189 544 310 609 Acidis
326 545 361 607 in
378 544 510 632 gremio
526 544 692 620 residens,
711 544 832 630 procul
849 543 988 609 auribus
1004 545 1104 610 hausi

188 652 269 717 talia
287 650 376 715 dieta
393 651 491 726 meis,
510 651 692 737 auditaque
710 660 823 714 mente
840 649 976 714 notavi:

234 769 243 798 ⁴
260 753 449 822 Candidior
466 757 546 822 lolio
563 758 666 832 nivei,
686 756 845 831 Galatea,
863 755 1011 843 ligustrl,

188 863 339 929 floridior
355 863 472 948 pratis,
491 863 596 950 longa
614 863 787 947 procerior
803 863 895 939 aln0,

188 969 399 1055 splendidior
416 968 513 1042 vitro,
531 980 648 1034 tenero
665 968 824 1033 lascivior
841 968 966 1045 haedo,

188 1075 295 1142 levior
311 1075 455 1142 adsiduo
471 1075 599 1140 detritis
616 1095 764 1161 aequore
780 1076 935 1152 conchis,

188 1183 316 1248 solibus
333 1181 498 1257 hibernis,
517 1182 646 1247 aestiva
663 1181 792 1268 gratior
809 1183 943 1259 umbra,

187 1289 333 1354 nobilior
342 1288 465 1374 pomis,
476 1289 616 1374 platano
632 1289 846 1374 conspectior
862 1290 943 1368 alta,

187 1395 331 1461 lucidior
347 1397 473 1482 glacie,
492 1406 625 1459 matura
642 1395 775 1460 dulcior
790 1418 871 1471 uva,

188 1502 320 1568 mollior
336 1513 370 1567 et
385 1501 490 1589 cygni
506 1500 632 1586 plumis
649 1513 682 1566 et
698 1503 786 1566 lacte
802 1514 934 1581 coacto,

185 1621 231 1688 et,
249 1609 278 1674 si
295 1630 364 1674 non
380 1608 506 1696 fugias,
525 1608 624 1694 riguo
641 1607 820 1674 formosior
836 1610 932 1676 horto
944 1634 953 1673 r
965 1646 1012 1658 -

186 1715 320 1782 saevior
335 1714 508 1780 indomitis
524 1713 646 1780 eadem
664 1713 810 1780 Galatea
822 1714 993 1803 juvencis,

186 1823 301 1889 durior
317 1843 448 1888 annosa
464 1843 606 1910 quercu,
625 1822 780 1888 fallacior
794 1823 909 1900 undis,

185 1931 306 1995 lentior
322 1941 356 1994 et
371 1929 485 1994 salicis
501 1925 609 2016 virgis
626 1940 660 1995 et
675 1929 799 1994 vitibus
816 1930 915 2006 albis,

185 2037 238 2102 lris
255 2036 460 2102 immobilior
478 2037 640 2122 scopulis,
658 2036 838 2102 violentior
854 2058 970 2112 amne,

184 2143 323 2210 laudato
339 2164 473 2230 pavone
490 2143 681 2229 superbior,
700 2141 811 2209 acrior
826 2143 912 2232 igni,

185 2252 338 2339 asperior
353 2250 497 2326 tribulis,
516 2251 605 2316 loeta
622 2251 842 2317 truculentior
857 2272 950 2328 ursa,

184 2357 318 2425 surdior
335 2359 551 2446 aequoribus,
570 2358 703 2424 calcato
719 2357 881 2423 immitior
897 2359 1021 2445 hydro,

184 2479 217 2533 et
236 2468 345 2557 (quod
362 2468 546 2554 praecipue
562 2467 688 2532 vellem
703 2466 764 2532 tibi
781 2467 919 2532 demere
935 2466 1091 2555 possem)
1183 2485 1240 2555 805

183 2598 252 2640 non
268 2587 399 2641 tantum
417 2584 517 2640 cervo
534 2574 636 2639 claris
653 2574 830 2639 latratibus
849 2585 937 2650 act0,

183 2704 302 2747 verum
319 2683 422 2748 etiam
437 2682 548 2747 ventis
563 2682 763 2768 volucrique
779 2681 936 2769 fugacior
951 2702 1035 2747 aura
1042 2680 1055 2745 'l

229 2791 314 2868 ‘Ae
331 2792 421 2858 bene
437 2790 464 2857 si
481 2790 587 2866 noris,
605 2790 723 2877 pigeat
738 2788 889 2877 fugisse3
916 2809 1097 2876 morasque
1186 2797 1189 2801 ’

182 2898 257 2985 ipsa
273 2910 350 2965 tuas
366 2900 522 2970 damnes,
542 2910 575 2962 et
591 2920 646 2963 me
663 2896 808 2962 retinere
823 2896 972 2962 labores·

183 3018 261 3073 sunt
278 3006 375 3082 mihi,
393 3029 472 3093 pars
490 3005 625 3080 montis,
644 3006 722 3071 viro
739 3006 923 3091 pendentia
938 3027 1025 3072 saxo
1182 3024 1240 3078 310

183 3124 291 3188 antra,
311 3114 434 3200 quibus
451 3135 514 3178 nec
531 3113 581 3179 sol
600 3113 712 3177 medio
729 3112 871 3177 sentitur
886 3112 922 3176 in
939 3124 1049 3187 aestu,

182 3241 247 3285 nec
264 3220 405 3285 sentitur
421 3219 575 3305 hiemps;
600 3228 680 3285 sunt
694 3238 797 3303 poma
814 3218 1148 3305 gravantia·ramos;

181 3337 260 3392 sunt
276 3347 359 3392 auro
376 3326 504 3391 similes
521 3325 634 3413 longis
650 3325 686 3389 in
703 3324 825 3390 vitibus
841 3346 951 3400 uvae;

181 3444 260 3499 sunt
275 3444 309 3498 et
323 3454 536 3518 purpureae:
560 3431 620 3497 tibi
637 3442 669 3496 et
686 3432 748 3495 has
765 3452 956 3506 servamus,
974 3442 1007 3497 et
1021 3432 1111 3498 illas.

180 3536 255 3621 ipsa
272 3535 337 3601 tuis
354 3534 512 3600 manibus
528 3533 670 3599 silvestri
689 3545 766 3597 nata
785 3534 848 3597 sub
865 3535 987 3599 umbra
1182 3553 1217 3605 81
1222 3566 1241 3622 ς

181 3640 297 3706 mollia
314 3641 412 3729 fraga
428 3642 537 3729 legeS,
553 3640 627 3725 ipsa
646 3640 856 3704 autumnalia
874 3660 991 3717 corna,

128 3752 135 3773 ⁶
180 3769 371 3835 prunaque,
391 3770 459 3813 non
476 3748 585 3812 solum
603 3746 704 3833 nigro
721 3746 860 3812 liventia
877 3768 972 3824 suco,

179 3876 298 3923 verum
316 3842 418 3923 etiam
436 3874 604 3940 generosa
620 3874 797 3939 novasque
815 3853 982 3919 imitantia
999 3874 1110 3920 ceras.

165 3982 245 4027 -nec
261 3959 319 4025 tibi
337 3971 518 4024 castaneae
536 3980 590 4023 me
608 3959 768 4046 conjuge,
786 3980 852 4023 nec
867 3960 926 4025 tibi
942 3961 1087 4025 deerunt
