2709 4325
168 246 231 315 124
383 226 537 314 Rr‘valry
560 230 608 313 of
621 225 721 315 Ajax
742 225 817 292 and
843 223 993 312 Ulysses.
1072 232 1218 314 [arm

165 427 242 512 quis
257 437 335 491 tuus
350 447 433 492 usus
451 422 544 490 erat?
582 418 684 490 'Nam
699 423 729 490 si
745 445 825 490 mea
840 422 931 488 facta
946 414 1104 510 requiris,

165 532 318 596 hostibus
334 532 487 607 insidior,
505 529 614 598 fossas
632 531 820 596 munimine
839 530 956 618 cingo,

165 639 323 704 consolor
339 639 462 714 socios
481 649 517 703 ut
533 638 628 726 longi
644 638 759 704 taedia
774 638 855 702 belli

164 756 279 810 mente
294 745 406 810 serant
420 744 577 830 placida3
602 746 724 821 doceo,
742 763 811 831 quo
826 745 934 810 simus
951 745 1067 812 alendi

165 849 389 938 armandique
404 849 528 926 mod03
554 850 678 927 mittor,
697 873 765 938 quo
782 853 931 938 postulat
947 875 1042 919 usus.
1165 885 1219 942 2¹5

211 957 329 1023 ‘Ecce
340 957 437 1044 Jovis
454 956 596 1033 monitu,
615 956 779 1043 deceptus
796 958 950 1047 imagine
965 959 1091 1038 somni,

94 1132 99 1143 ,
164 1086 228 1130 rex
239 1065 336 1154 jubet
351 1064 498 1150 incoepti
515 1083 632 1128 curam
650 1064 819 1130 dimittere
834 1067 937 1132 bellic
1044 1070 1048 1084 ⁵

164 1173 221 1238 ille
238 1183 348 1259 potest
361 1183 501 1237 auctore
516 1191 616 1236 suam
633 1171 819 1239 defendere
835 1195 969 1241 vocem.

163 1301 232 1344 non
249 1278 339 1343 sinat
353 1278 420 1343 hoc
435 1276 542 1365 Ajax,
560 1277 776 1365 delendaque
792 1279 964 1368 Pergama
981 1292 1111 1368 poscat,

163 1384 322 1472 quodque
338 1395 460 1470 potest,
479 1381 631 1471 pugnetl
679 1384 753 1453 Cur
768 1410 837 1454 non
853 1399 1042 1454 remoratur
1058 1387 1190 1457 ituros?

164 1514 225 1557 cur
241 1513 309 1557 non
327 1511 423 1556 arma
440 1491 544 1576 capit,
562 1492 635 1570 dat,
644 1496 744 1582 wquod
763 1516 853 1584 vaga
869 1496 969 1560 turba
985 1493 1171 1582 sequatur?

163 1621 232 1664 non
250 1609 322 1664 erat
339 1598 404 1662 hoc
421 1598 565 1663 nimium
582 1594 770 1688 numquam
788 1602 852 1667 nisi
869 1621 998 1689 magna
1014 1600 1180 1688 loquenti.

141 1690 148 1704 ’
163 1705 245 1794 quid
263 1707 354 1794 quod
371 1716 404 1770 et
418 1704 492 1792 ipse
509 1706 619 1795 sugit?
650 1707 759 1784 ‘Vidn
777 1708 965 1794 puduitque
980 1708 1111 1784 videre,

164 1835 243 1878 cum
259 1825 295 1878 tu
311 1824 409 1900 terga
426 1813 541 1889 dares,
560 1814 808 1900 inhonestaque
824 1813 901 1880 vela
917 1832 1070 1899 parares,
1130 1860 1134 1862 ἡ

163 1939 229 1984 nec
245 1939 362 1986 mora:
386 1917 490 2003 „Quid
496 1919 654 2000 facr'tr's?
677 1941 766 2006 quae
780 1905 843 1985 vos⁴
854 1920 1026 1984 dementia
1045 1919 1156 2008 (dixi)

164 2028 326 2102 concitat,
349 2012 490 2112 Olsocia‘,
509 2034 647 2114 captam
663 2028 839 2091 demittere
861 2024 1037 2112 Dojm?

164 2133 291 2220 quidm
306 2133 563 2220 domumsertr's
578 2135 720 2209 decimo,
739 2134 811 2198 nisi
822 2133 981 2207 dedecus,
999 2126 1127 2197 anno?

163 2240 289 2304 talibus
306 2251 408 2326 atque
425 2242 511 2316 aliis,
529 2241 564 2305 in
579 2262 669 2328 quae
686 2241 784 2305 dolor
798 2242 874 2325 ipse
889 2240 1053 2304 disertum

164 2346 304 2420 fecerat,
323 2368 463 2413 aversos
480 2348 686 2435 profugade
702 2348 813 2412 classe
830 2347 964 2411 reduxi.

211 2465 220 2495 ‘
236 2453 415 2521 Convocat
430 2452 570 2519 Atrides
586 2454 697 2519 socios
711 2464 840 2518 terrore
856 2463 1044 2538 paventem
1166 2481 1221 2537 230

164 2566 230 2626 nec
245 2561 515 2627 Telamoniades
531 2560 633 2625 etiam
650 2580 744 2624 nunc
759 2560 893 2626 hiscere
909 2558 1093 2645 quicquam

165 2671 280 2735 audet.
327 2669 375 2736 At
392 2690 496 2736 ausus
514 2678 587 2734 erat
602 2687 705 2753 reges
721 2666 894 2731 incessere
910 2664 1010 2730 dictis

164 2778 354 2854 Thersites,
373 2779 477 2843 etiam
494 2798 556 2862 per
572 2794 627 2839 me
644 2774 739 2838 haud
753 2774 909 2858 impune,
924 2769 1102 2857 protervis.

165 2885 293 2973 erigor,
310 2897 344 2950 et
356 2885 508 2970 ‘trepidos
525 2884 618 2948 cives
634 2882 797 2946 exhortor
811 2879 847 2943 in
864 2879 1012 2953 hostem,

166 2992 396 3078 amissamque
414 3012 491 3055 mea
507 2990 666 3055 virtutem
683 3008 768 3052 voce
784 3004 941 3071 reposco.
1167 3012 1225 3069 2³5⁴

165 3108 317 3184 ternpore
335 3098 378 3162 ab
395 3082 473 3173 hdc,
485 3098 733 3183 :quodcumque
755 3102 865 3178 potest
878 3087 1127 3178 secissevideri

165 3202 293 3268 fortiter
309 3203 383 3278 iste,
403 3224 518 3267 meum
535 3212 597 3276 est,
616 3201 674 3288 qui
690 3202 830 3266 dantem
847 3209 945 3285 terga
961 3194 1102 3261 retraxi.

166 3308 313 3395 denique
329 3309 372 3373 de
390 3308 522 3373 Danais
539 3308 615 3394 quis
630 3319 663 3373 te
680 3307 842 3371 laudatve
859 3300 1007 3391 petitve?

212 3427 222 3457 ⁴
238 3415 285 3480 At
301 3436 363 3479 sua
379 3415 536 3501 Tydides
554 3435 689 3478 mecum
707 3412 938 3478 communicat
954 3419 1046 3485 acta,

79 3566 82 3571 ,
167 3545 221 3588 me
239 3524 371 3608 probat,
390 3532 424 3586 et
440 3521 532 3587 socio
550 3541 687 3605 semper
703 3519 843 3584 confidit
860 3518 979 3583 Ulixe.

167 3640 218 3694 est
234 3628 375 3715 aliquid,
395 3628 438 3693 de
454 3640 500 3693 tot
514 3626 701 3692 'Graiorum
719 3625 856 3689 milibus
871 3613 980 3687 unum

167 3758 187 3801 a
205 3736 373 3823 Diomede
389 3734 473 3822 legi.
522 3732 599 3798 Nec
616 3754 671 3799 me
687 3753 761 3796 sors
776 3731 827 3795 ire
839 3730 1004 3817 jubebat:

167 3843 216 3907 sic
232 3855 359 3916 tamen,
378 3854 411 3906 et
427 3851 540 3926 spreto
556 3839 732 3924 noctisque
749 3837 924 3921 hostisque
940 3832 1082 3920 periclo,

168 3971 289 4016 ausum
307 3948 442 4025 eadem,
460 3968 549 4034 quae
566 3966 642 4022 nos,
660 3944 816 4033 Phrygia
833 3944 875 4009 de
892 3954 995 4030 gente
1012 3940 1156 4007 Dolona
