2709 4325
114 267 270 342 urnae]
376 255 450 322 The
478 255 621 345 Cyclops
644 255 888 345 Polyphemus.
1081 269 1143 339 131

107 451 233 536 pulcher
247 460 281 516 et
296 452 434 518 octonis
450 453 570 518 iterum
587 453 760 520 natalibus
776 453 872 530 actis,

106 558 242 646 signarat
254 558 364 623 dubia
381 555 518 624 teneras
534 560 701 646 lanugine
717 561 840 624 malas.

105 664 184 730 hunc
199 686 276 754 ego,
297 687 355 730 me
374 663 528 752 Cyclops
544 666 639 730 nulla
657 687 735 730 cum
752 667 821 731 fine
836 666 994 751 petebat3
1095 693 1145 750 755

104 793 169 848 nec,
185 773 214 838 si
227 772 434 860 quaesieris,
453 771 568 838 odium
587 769 765 858 Cyclopis,
783 793 926 837 amorne

102 877 208 944 Acidis
223 880 258 945 in
275 881 379 947 nobis
397 877 498 944 suerit
514 879 740 963 praesentior,
759 879 883 943 edam:

103 1007 155 1070 par
168 999 351 1075 utrumque
368 988 443 1052 fuit.
493 983 581 1050 Prol
607 995 735 1070 quanta
752 986 901 1070 potentia
918 985 1017 1072 regni

103 1103 155 1169 est,
170 1093 289 1160 Venus
309 1096 416 1170 alma,
434 1091 502 1158 tuil
528 1111 653 1175 nempe
670 1091 728 1155 ille
746 1089 884 1156 immitis
900 1102 934 1156 et
948 1091 1033 1177 ipsis

103 1199 279 1268 horrendus
297 1202 407 1277 silvie,
427 1212 460 1267 et
475 1199 569 1264 visus
588 1198 631 1263 ab
649 1197 783 1282 hospite
798 1197 894 1264 nullo
1093 1213 1147 1280 760

102 1306 240 1393 impune,
259 1322 294 1376 et
311 1309 432 1398 magni
450 1330 528 1374 curn
546 1308 598 1372 dis
616 1318 829 1390 contemptor
845 1305 1002 1394 Olympi,

101 1414 170 1498 quid
186 1415 228 1482 sit
244 1437 346 1482 amor
362 1416 475 1491 sentit,
492 1414 665 1500 nostrique
682 1413 844 1496 cupidine
860 1406 982 1498 captus

100 1520 205 1598 uritur,
224 1523 353 1589 oblitus
370 1541 532 1609 pecorum
551 1531 795 1604 antrorumque
812 1539 966 1584 suorum.
1035 1582 1039 1586 .

132 1627 277 1716 Jamque
296 1629 362 1695 tibi
372 1629 515 1702 formae,
530 1627 671 1717 jamque
688 1636 739 1690 est
756 1618 815 1689 tibi
832 1645 914 1689 cura
932 1625 1105 1710 placendi,

97 1723 158 1818 jam
174 1735 308 1822 rigidos
323 1735 432 1822 pectis
448 1735 577 1809 rastris,
596 1731 825 1820 Polypheme,
843 1731 1009 1816 capillos3
1093 1748 1143 1816 765

97 1838 158 1925 jam
173 1841 256 1908 libet
273 1844 440 1907 hirsutam
456 1842 516 1906 tibi
532 1842 621 1906 falce
637 1839 791 1904 recidere
808 1838 963 1913 barbam,

99 1956 127 2010 et
137 1959 296 2032 spectare
312 1949 402 2014 feros
418 1949 454 2012 in
471 1945 572 2034 aqua,
591 1956 624 2012 et
639 1965 846 2031 componere
862 1945 985 2010 vultus

99 2049 204 2120 caedis
221 2077 322 2120 amor
337 2054 520 2141 feritasque
536 2053 675 2140 sitisque
691 2053 860 2116 immensa
877 2050 1009 2116 cruoris

98 2174 236 2239 cessant,
257 2172 292 2227 et
306 2168 398 2228 tutae
413 2161 620 2248 veniuntque
636 2158 997 2246 abeuntquecarinae.

97 2263 257 2335 Telemus
272 2267 402 2334 interea
419 2266 572 2333 Siculam
590 2268 723 2333 delatus
740 2267 785 2331 ad
802 2265 953 2340 Aetnen,
1093 2293 1145 2350 770

97 2371 256 2441 Telemus
273 2375 492 2463 Eurymides
511 2396 613 2462 quem
629 2374 725 2438 nulla
741 2373 908 2438 fefellerat
923 2374 1008 2448 ales,

97 2482 275 2547 terribilem
309 2482 548 2569 Polyphemon
585 2481 674 2557 adit;
706 2479 887 2545 ‘Lumen'
917 2502 997 2567 que,
1032 2480 1144 2568 ‘quod

225 2611 334 2655 unum

97 2692 198 2763 fronte
216 2695 452 2785 gerismedia,
471 2695 579 2782 rapiet
594 2695 674 2761 tibi'
691 2695 777 2761 dixit
792 2696 801 2726 ‘
815 2695 964 2763 Ulixes)

97 2801 173 2879 risit,
192 2814 226 2869 et
242 2803 296 2870 Ὀ
311 2814 428 2869 vatum
443 2804 674 2879 stolidissime,
695 2804 844 2870 salleris’
861 2805 991 2893 inquit:

96 2908 214 2975 ‘altera
227 2910 300 2998 jam
317 2909 452 2995 rapuit.'
484 2909 559 2975 =Sic
577 2910 700 2975 frustra
716 2932 799 2976 vera
817 2925 1013 2979 monentem
1049 2960 1053 2964 ‚
1092 2944 1142 3001 775

96 3014 232 3100 apernit,
250 3027 284 3081 et
301 3027 359 3081 aut
375 3017 536 3104 gradiens
554 3016 685 3105 ingenti
704 3018 801 3083 litora
819 3041 925 3107 passu
1036 3064 1041 3071 ·

96 3122 270 3210 degravat,
289 3134 347 3187 aut
363 3122 472 3189 fessus
488 3123 552 3188 sub
568 3144 678 3208 opaca
694 3126 872 3191 revertitur
888 3138 997 3191 antra.

134 3229 310 3297 Prominet
325 3229 360 3294 in
375 3240 516 3316 pontum
535 3244 700 3299 cuneatus
716 3236 875 3299 acumine
890 3234 997 3322 longo

95 3336 206 3401 collis:
232 3345 413 3423 utrumque
431 3338 519 3403 latus
539 3338 743 3405 circumfluit
759 3340 917 3426 aequoris
932 3341 1048 3406 undar

95 3442 157 3507 huc
172 3444 266 3509 ferus
283 3447 436 3512 ascendit
454 3447 620 3536 Cyclope,
639 3447 841 3539 mediusque
856 3446 1002 3522 resedit;
1092 3464 1143 3529 780

94 3550 268 3638 lanigerae
284 3554 448 3637 pecudes,
468 3556 561 3619 nullo
578 3555 737 3630 ducente,
756 3565 905 3619 secutae.

94 3658 144 3721 cui
160 3669 341 3747 postquam
362 3664 475 3750 pinus,
495 3662 609 3728 baculi
626 3682 716 3748 quae
732 3660 889 3745 praebuit
904 3680 1018 3735 usum,

93 3776 172 3855 ante·
184 3767 292 3852 pedes
309 3768 419 3855 posita
436 3779 498 3843 est,
518 3766 688 3832 antemnis
705 3777 784 3851 apta
800 3760 963 3837 serendis,

93 3888 294 3961 sumptaque
312 3874 535 3939 arundinibus
553 3884 732 3957 compacta
749 3881 800 3934 est
814 3868 927 3933 fistula
943 3876 1092 3938 centum,

92 3989 270 4048 senserunt
287 3980 344 4045 toti
361 3979 510 4065 pastoria
527 3978 626 4043 sibila
643 3988 788 4051 montes,
1061 4007 1065 4014 ⁴
1090 3982 1164 4055 785²
