2709 4325
180 231 242 280 102
469 197 553 279 strae
577 209 680 299 Soug
699 212 747 298 of
764 208 936 299 Orpheus.
1082 225 1229 296 [Morsu.

176 410 284 477 tristia
300 409 328 476 si
345 409 492 494 spatium
509 406 659 495 ponendi
674 407 743 472 fata
761 407 945 474 dedissent.

177 538 245 604 qua
262 515 351 592 licet,
371 526 530 580 aeternus
545 525 662 579 tamen
678 535 737 588 es;
761 513 985 600 quotiensque
1004 512 1153 598 repellit'

176 644 237 688 ver
254 622 415 698 hiemem,
433 620 593 708 Piscique
609 619 713 686 Aries
729 619 882 685 succedit
897 640 1041 705 aquoso,
1178 635 1229 705 165

176 739 213 794 tu
229 726 350 793 totiens
366 726 486 804 oreriS,
504 727 672 814 viridique
689 726 726 790 in
742 725 870 811 cespite
885 725 1001 792 flores.
1040 706 1046 717 ’

176 847 210 900 te
227 855 323 898 meus
341 844 418 898 ante
434 854 554 899 omnes
571 833 706 920 genitor
722 831 855 906 dilexit,
872 841 906 896 et
920 832 1004 897 orbe

176 940 212 1032 in
229 940 342 1005 medio
359 939 458 1025 positi
475 950 658 1004 caruerunt
673 937 833 1024 praeside
851 936 991 1023 Delphi,

178 1047 260 1113 dum
277 1046 361 1112 deus
379 1045 530 1110 Eurotan
547 1045 832 1131 immunitamque
849 1043 1039 1130 frequentat

177 1153 347 1238 Sparten-r
364 1172 430 1217 nec
446 1151 610 1228 citharae,
625 1171 692 1216 nec
704 1161 782 1216 sunt
799 1150 980 1215 inhonore
995 1150 1155 1239 sagittae.
1178 1179 1232 1235 170

177 1260 346 1326 inmemor
361 1259 435 1345 ipse
451 1257 504 1324 sui
521 1280 589 1324 non
606 1258 691 1324 retia
707 1258 795 1324 ferre
812 1268 958 1334 recusat,

177 1389 247 1433 non
263 1366 412 1433 tenuisse
428 1386 546 1443 canes,
565 1387 633 1431 non
650 1387 713 1451 per
724 1365 811 1453 juga
828 1364 951 1430 montis
966 1363 1074 1452 iniqui

176 1473 245 1540 isse
262 1494 399 1548 comes;
424 1473 599 1561 longaque
615 1471 676 1538 alit
692 1471 911 1537 assuetudine
926 1471 1098 1538 flammas.

169 1567 172 1574 ⁵
224 1581 389 1668 ‘Jamque
406 1579 478 1646 fere
495 1579 627 1646 medius
643 1579 748 1644 Titan
764 1579 932 1645 venientis
945 1591 981 1644 et
995 1591 1093 1645 actae

177 1691 287 1754 noctis
304 1698 387 1764 erat,
406 1687 585 1774 spatioque
601 1687 676 1773 pari
693 1686 840 1751 distabat
854 1687 1045 1772 utrimque:
1180 1715 1232 1773 175

178 1816 321 1882 cor-pora
336 1805 430 1860 veste
447 1795 575 1870 levant,
595 1804 629 1859 et
643 1814 727 1859 suco
744 1793 882 1880 pinguis
898 1793 980 1858 olivi

178 1902 434 1989 splendescunt,
451 1900 578 1987 latique
594 1900 714 1965 ineunt
728 1900 916 1965 certamina
933 1900 1031 1965 disci.

224 2007 363 2094 ‘Quem
380 2007 474 2093 prius
492 2007 601 2072 aerias
617 2006 777 2071 libratum
794 2005 956 2072 Phoebus
970 2007 1008 2072 in
1024 2028 1128 2073 auras

178 2113 281 2193 misit,
300 2125 333 2180 et
347 2113 523 2200 oppositas
540 2113 672 2202 disjecit
688 2113 840 2199 pondere
857 2115 976 2181 nubes.

61 2311 68 2319 .
176 2222 297 2288 recidit
311 2221 348 2286 in
364 2221 509 2286 solidam
525 2222 631 2308 longo
647 2231 725 2306 post
739 2232 892 2306 tempore
909 2233 1035 2287 terram
1180 2241 1233 2294 180

177 2330 325 2415 ponduS,
344 2338 377 2393 et
393 2326 548 2392 exhibuit
558 2327 714 2415 junctam
730 2348 808 2392 curn
826 2327 955 2394 viribus
971 2341 1090 2395 artem.

177 2435 331 2522 protinus
347 2434 547 2519 imprudens
565 2444 729 2521 actusque
747 2435 912 2520 cupidine
923 2435 995 2502 ludi

176 2542 296 2608 tollere
312 2542 528 2607 Taenarides
544 2542 662 2608 orbem
680 2544 906 2628 properabat3
931 2542 1079 2609 atilium
1098 2529 1100 2532 ⁵

148 2718 155 2723 ,
177 2650 264 2715 dura
279 2669 518 2735 repercussum
535 2648 678 2737 subjecit
693 2649 729 2713 in
746 2654 829 2715 aera
843 2651 943 2716 tellus'
981 2635 984 2640 ¹
1010 2676 1014 2683 ·

177 2755 214 2821 in
229 2756 355 2832 vultus
375 2755 585 2842 Hyacinthe,
604 2766 692 2820 tuos.
741 2755 920 2842 Expalluit
935 2760 1044 2845 aeque
1182 2774 1232 2844 185

134 2944 138 2949 .
177 2883 280 2950 quam
298 2884 384 2949 puer
398 2862 473 2947 ipse
488 2862 595 2937 deus3
619 2862 859 2950 collapsusque
875 2866 1003 2951 excipit
1019 2874 1124 2940 artus,

178 2980 212 3034 et
227 2970 329 3034 modo
344 2979 378 3033 te
394 2968 536 3045 refovet,
556 2968 657 3034 modo
673 2969 781 3040 tristia
797 2970 940 3036 vulnera
955 2971 1074 3046 siccat,

178 3094 272 3141 nunc
288 3075 439 3139 animam
455 3073 601 3141 admotis
616 3075 808 3163 fugientem
823 3077 966 3142 sustinet
982 3076 1110 3142 herbis.
1173 3099 1176 3103 ·

226 3179 309 3245 ‘Nil
326 3192 468 3266 prosunt
484 3194 594 3247 artes:
618 3192 692 3248 erat
707 3182 959 3248 immedicabile
974 3185 1114 3250 vulnus.

178 3298 215 3352 ut
231 3288 259 3352 si
276 3288 353 3374 quis
368 3288 478 3353 violas
494 3288 637 3375 riguove
654 3297 808 3375 papaver
822 3289 858 3353 in
875 3290 985 3368 horto,
1185 3325 1241 3381 ¹90·

178 3394 318 3480 liliaque
334 3393 499 3480 infringat
514 3394 615 3459 fulvis
632 3394 808 3460 haerentia
823 3396 943 3482 virgis,

179 3501 333 3566 marcida
349 3501 526 3566 demittant
541 3500 651 3566 subito
668 3513 772 3587 caput
785 3502 846 3566 illa
861 3514 1055 3590 gravatum,

178 3631 245 3675 nec
261 3630 298 3674 se
315 3608 514 3685 sustineant,
534 3619 754 3695 spectentque
771 3609 951 3675 cacumine
966 3620 1114 3676 terrama

179 3716 230 3781 sic
244 3717 357 3781 vultus
375 3715 523 3781 moriens
534 3714 640 3803 jacet,
659 3726 693 3780 et
708 3714 841 3781 desecta
856 3714 977 3803 vigore

178 3822 253 3909 ipsa
272 3822 335 3887 sibi
351 3833 402 3885 est
418 3822 513 3887 oneri
530 3821 647 3886 cervix
664 3824 875 3908 humeroque
892 3823 1071 3889 recumbit.

226 3930 265 3971 ‘³‘
277 3928 436 4005 LaberiS,
455 3927 636 4005 Oebalide,
654 3928 767 4015 prima
782 3929 937 4003 fraudate
951 3929 1106 4018 juventa,
