2709 4325
120 266 136 319 l.
156 266 225 338 283]
325 316 328 322 ,
390 246 592 333 Gatherr'ng
611 247 659 332 os
671 245 729 312 the
754 245 899 313 Waters.
1113 263 1156 330 13

115 444 179 509 talia
193 455 414 531 quaerentes
433 442 498 511 sibi
515 442 606 509 enim
623 443 696 509 fore
712 454 827 509 cetera
843 462 961 517 curae,
1102 472 1156 528 ²50

113 572 162 615 rex
176 574 340 637 superum
357 551 531 637 trepidare
547 560 651 625 vetat,
670 550 893 637 subolemque
910 548 1015 635 priori

113 658 299 723 dissimilem
318 658 448 744 populo
466 656 629 742 promittit
644 656 779 744 origine
797 656 897 720 mira.

141 762 286 851 Jamque
304 776 379 831 erat
395 764 430 827 in
447 774 533 829 totas
549 784 731 848 sparsurus
747 762 892 827 fulmina
907 773 1036 829 terrast

27 941 29 958 ,
109 870 160 934 sed
174 870 301 947 timuit,
320 892 364 937 ne
381 870 468 935 sorte
484 890 582 935 sacer
598 879 646 934 tot
661 871 707 934 ab
722 868 862 956 ignibus
878 871 998 935 aether

109 976 297 1063 conciperet
312 976 485 1051 flammas,
503 975 697 1061 longusque
714 976 909 1041 ardesceret
925 975 1014 1041 axis.

109 1102 173 1147 esse
188 1105 330 1171 quoque
346 1083 382 1147 in
399 1082 478 1147 fatis
494 1081 736 1155 reminiscitur,
754 1082 871 1147 adfore
889 1093 1037 1168 tempus,

107 1209 293 1273 quomam,
312 1189 512 1277 quotenne,
530 1197 755 1274 correptaque
772 1188 870 1276 regia
887 1189 974 1255 caeli

108 1296 229 1372 ardeat,
248 1308 283 1363 et
300 1296 421 1363 mundi
438 1295 545 1359 moles
562 1314 709 1379 operosa
724 1295 867 1361 laboret.

107 1402 167 1465 tela
183 1413 396 1488 reponuntur
413 1400 572 1467 manibus
589 1400 754 1467 fabricata
770 1400 980 1489 Cyclopum.

146 1506 262 1574 Poena
279 1510 396 1595 placet
412 1506 561 1583 diversa,
580 1528 692 1595 genus
709 1510 851 1575 mortale
868 1510 932 1575 sub
949 1508 1050 1577 undis
1102 1523 1155 1579 260

109 1615 257 1696 perdere,
276 1627 371 1681 etex
386 1614 480 1681 omni
498 1614 631 1685 nimbos
648 1616 825 1683 demittere
841 1616 951 1682 caelo.
1003 1665 1006 1669 -

110 1722 255 1802 protinus
271 1721 406 1788 Aeoliis
423 1721 618 1808 aquilonem
635 1722 787 1787 claudit
779 1744 813 1788 m
830 1722 950 1799 antris,

24 1906 25 1913 ἵ
109 1836 139 1889 et
151 1848 390 1915 quaecumque
406 1827 566 1945 sugant
544 1828 703 1909 inductas
714 1829 860 1894 flamina
874 1831 998 1905 nubes,

24 1940 27 2019 f
110 1934 288 2023 emittitque
305 1934 450 2001 Notum.
500 1899 653 2001 Madidis
661 1930 781 2001 Notus
798 1938 911 2006 evolat
927 1936 1004 2013 alis,

25 2020 26 2043 ¹
108 2041 285 2107 terribilem
303 2042 404 2161 picea
419 2052 527 2107 tectus
531 2042 694 2157 caligine
710 2042 863 2107 vultum:

110 2144 210 2214 barba
226 2149 342 2238 gravis
358 2148 498 2227 nimbiS,
516 2116 613 2216 canis
629 2148 702 2216 fluit
719 2150 810 2215 unda
826 2150 1013 2237 capillis,¹

109 2251 213 2322 fronte
229 2257 348 2322 sedent
365 2256 525 2332 nebulae,
543 2269 659 2322 rorant
675 2278 878 2344 pennaeque
895 2258 1072 2345 sinusque.
1158 2289 1163 2296 ·

74 2339 79 2349 ⁵
110 2371 207 2448 utque
224 2384 328 2428 manu
344 2363 413 2428 late
429 2363 614 2478 pendentia
630 2363 749 2429 nubila
764 2366 900 2450 pressit,

25 2529 26 2534 ,
109 2467 143 2532 fit
156 2469 284 2559 fragor,
301 2435 427 2535 mdlusi
443 2443 630 2536 funduritur
646 2469 690 2536 ab
707 2473 845 2536 aethere
861 2470 981 2536 nimbi.

68 2653 75 2660 .
111 2578 222 2643 nuntia
235 2577 383 2664 Junonis
397 2577 511 2642 varios
527 2576 646 2644 induta
663 2577 794 2648 colores

25 2769 26 2778 ἵ
111 2685 252 2772 concipit
267 2683 332 2750 lris
337 2703 469 2801 aquas,
488 2684 718 2770 alimentaque
734 2685 882 2751 nubibus
898 2683 1019 2752 adfert.

24 2815 26 2838 ι
54 2803 73 2821 ‘⁴
112 2800 299 2857 sternuntur
316 2788 452 2878 se'g‘etes
467 2801 501 2857 et
516 2791 694 2876 deplorata
711 2791 842 2858 colonis

24 2887 26 2934 '³
111 2909 182 2964 vota
194 2899 325 2986 jacent,
343 2897 506 2986 longique
523 2897 611 2983 perit
626 2897 748 2963 labor
739 2897 853 2962 irritus
869 2896 964 2962 anni.

120 2993 226 3070 Nec
242 3005 341 3070 caelo
358 3015 517 3070 contenta
534 3025 596 3070 suo
613 3014 664 3068 est
675 3001 798 3089 Jovis
789 3019 853 3079 rra,
872 3003 1046 3069 sedilium
1102 3033 1106 3040 ¹

26 3107 27 3112 ’
112 3112 285 3177 caeruleus
302 3110 431 3176 frater
417 3122 514 3200 Juvat
529 3110 754 3177 auxiliaribus
770 3110 884 3177 undis.

24 3225 27 3308 ζ
111 3228 271 3284 convocat
287 3217 344 3282 hic
361 3237 502 3292 amnes;
525 3218 584 3305 qui
600 3230 782 3305 postquam
798 3227 887 3283 tect-a
903 3216 1042 3304 tyranni

26 3311 27 3351 ³
110 3321 274 3390 intravere
291 3321 358 3399 sui,
378 3323 480 3389 ‘Non
497 3338 549 3390 est
564 3324 756 3390 hortamine
773 3323 879 3411 longo

24 3467 26 3495 t
109 3431 215 3498 nunc'
231 3430 279 3496 ait
296 3441 305 3469 ‘
321 3430 504 3507 utendum
528 3432 618 3497 vires
636 3430 800 3498 effundite
817 3441 960 3505 vestrae,

109 3533 153 3598 sic
168 3554 258 3618 opus
274 3542 325 3597 est
335 3553 344 3606 ;
371 3532 501 3618 aperite
517 3534 650 3610 domne,
669 3555 711 3598 ac
728 3535 817 3600 mole
834 3544 963 3599 remota

108 3638 303 3704 fluminibus
319 3638 441 3704 vestris
456 3648 543 3704 totas
560 3639 716 3704 inmittite
734 3638 909 3702 habenas?

142 3745 322 3832 jusseram
348 3743 384 3808 hi
400 3744 556 3818 redeunt,
574 3764 616 3810 ac
632 3743 781 3808 fontibus
796 3763 857 3804 ora
873 3741 1043 3809 relaxant,

110 3851 138 3918 et
152 3851 332 3936 defrenato
348 3849 530 3914 volvuntur
546 3848 582 3912 in
598 3866 749 3931 aequora
765 3867 877 3910 cursu.

109 3958 177 4045 ipse
193 3940 341 4036 tridente
358 3975 420 4018 suo
437 3963 562 4017 terram
580 3941 768 4036 percussit3
792 3959 827 4010 at
842 3947 902 4008 illa
