2709 4325
122 281 196 336 V111.
209 281 283 355 676.]
369 266 406 336 T
399 267 479 334 heir
501 265 657 334 Humble
678 265 911 355 Hospr‘talr‘ty.
1120 267 1168 356 89

119 481 176 546 quo
191 462 416 552 superinjecit
431 472 562 530 textum
579 421 664 530 {indie
681 462 801 528 sedula
816 461 958 540 Baucis,
1113 479 1167 548 640

117 565 186 632 inde
201 568 277 634 soco
294 569 454 655 tepidum
472 569 623 634 cinerem
640 569 795 644 dimovit,
812 578 846 635 et
861 569 962 657 ignes

117 673 243 740 suscitat
259 677 458 752 hesternos,
476 637 636 762 foliisque
652 685 686 742 et
701 674 826 741 cortice
842 675 935 742 sicco

114 782 218 860 nutrit,
237 795 272 850 et
291 784 337 850 ad
352 783 514 849 flammas
530 783 645 849 anima
662 768 818 869 producit
833 784 930 860 anili,
1085 828 1094 862 7
1153 828 1157 839 «

115 889 367 977 multifidasque
381 889 477 955 iaces
493 889 706 977 ramaliaque
723 888 819 954 arida
835 900 927 956 tecto

114 994 236 1073 detulit,
256 1005 294 1062 et
310 995 444 1070 minuit,
463 1016 638 1082 parvoque
655 994 806 1060 admovit
821 1000 922 1062 aeno.
1113 1010 1165 1083 ⁶45

98 1084 269 1188 ‘quodque
287 1123 369 1168 suus
386 1101 537 1189 conjunx
554 1101 654 1188 riguo
671 1100 858 1187 collegerat
873 1101 984 1178 horto,

114 1215 244 1272 truncat
260 1208 340 1274 olus
354 1207 457 1274 foliis.
506 1207 621 1272 Furca
636 1207 729 1272 levat
742 1205 800 1272 ille
817 1206 948 1272 bicorni

15 1345 21 1358 ·
115 1313 249 1379 sordida
268 1323 367 1399 terga
384 1313 454 1379 suis
470 1311 572 1400 nigro
588 1312 773 1398 pendentia
791 1312 908 1400 tigno;

116 1431 316 1506 servatoque
333 1419 392 1485 diu
408 1431 541 1486 resecat
557 1420 600 1485 de
617 1430 753 1504 tergore
771 1431 903 1503 partem

111 1519 291 1616 exiguam,
309 1531 507 1608 sectamque
523 1522 640 1587 domat
655 1519 865 1586 serventibus
881 1519 995 1588 undis.
1114 1535 1168 1606 650

155 1625 294 1693 Interea
312 1627 444 1694 medias
460 1626 583 1692 fallunt
599 1626 814 1692 sermonibus
831 1627 947 1701 horas,

117 1732 381 1820 concutiuntque
396 1743 508 1800 torum
525 1733 568 1800 de
586 1732 680 1800 molli
696 1730 849 1800 fluminis
865 1732 946 1798 ulva
1114 1749 1147 1819 65
1152 1763 1165 1822 5

116 1835 309 1923 impositum
327 1839 429 1915 lecto,
448 1839 580 1926 sponda
597 1839 811 1926 pedibusque
827 1838 984 1926 salignis.

115 1945 264 2012 vestibus
280 1946 375 2010 hunc
390 1946 520 2021 velant,
538 1966 624 2031 quas
641 1966 710 2014 non
727 1945 792 2014 nisi
809 1957 962 2032 ternpore
979 1945 1065 2014 festo

117 2060 264 2116 sternere
281 2061 509 2126 consuerant;
534 2052 594 2118 sed
611 2062 645 2118 et
661 2053 749 2118 haec
764 2052 909 2140 vilisque
925 2064 1090 2141 vetusque

116 2157 214 2223 vestis
230 2169 316 2234 erat,
335 2158 424 2224 lecto
440 2179 509 2224 non
525 2157 740 2247 indignanda
756 2159 905 2245 saligno.

157 2261 364 2329 Accubuere
381 2263 450 2330 dei.
488 2263 660 2348 ‚Mensam
677 2265 852 2331 succincta
868 2276 1085 2353 tremensque
1112 2284 1166 2340 660

118 2370 208 2453 ponit
223 2389 333 2435 anast
358 2390 499 2437 mensae
515 2371 577 2437 sed
593 2384 667 2439 erat
682 2393 744 2457 pes
755 2360 876 2437 'tertius
891 2366 1024 2456 imper:

118 2486 197 2541 testa
212 2496 335 2561 parem
350 2476 442 2541 fecit.
492 2474 593 2560 Quae
609 2490 791 2564 postquam
808 2478 943 2544 subdita
959 2476 1088 2544 clivum

119 2582 262 2659 sustulit,
280 2593 463 2669 aequatam
481 2596 615 2649 mentae
633 2561 760 2662 tedere
775 2564 937 2649 virffntes.

117 2689 249 2772 ponitur
265 2688 322 2754 hic
337 2686 469 2753 bicolbr
483 2688 638 2755 sincerae
654 2690 743 2755 baca
758 2688 962 2763 Minervae3

117 2794 319 2880 conditaque
335 2793 371 2859 in
388 2792 517 2880 liquida
531 2815 639 2863 corna
655 2795 867 2861 autumnalia
884 2794 1003 2869 saece3
1111 2810 1164 2881 665

116 2874 301 2985 intibaque,
319 2909 353 2963 et
368 2900 481 2977 radix,
499 2911 533 2967 et
547 2901 646 2967 lactis
662 2922 776 2967 massa
793 2900 915 2975 coacti,
962 2950 967 2957 .
1014 2934 1048 2944 „.
1119 2948 1124 2958 .

116 3025 245 3093 ovaque
262 3026 332 3071 non
350 3004 421 3071 acri
437 3005 556 3073 leviter
570 3006 853 3115 versatagsauillm
864 3042 910 3055 -

116 3110 227 3177 omnia
242 3110 418 3189 fictilibus.
466 3110 548 3178 Post
563 3112 650 3179 haec
666 3100 819 3179 caelatus
835 3111 972 3177 eodem·

116 3215 240 3281 sistitur
255 3226 401 3303 argento
417 3190 540 3294 crdler,
558 3216 791 3303 fabricataque
807 3217 890 3303 sago

116 3323 251 3407 pocula,
268 3342 339 3408 qua
354 3342 441 3389 cava
457 3334 546 3400 sunt,
565 3303 770 3389 flaviintibns
785 3322 871 3387 illita
887 3299 986 3387 66116.
1111 3336 1165 3403 670

14 3490 16 3497 ,
156 3427 271 3492 Parva
288 3448 386 3493 mora
402 3438 465 3503 est,
484 3430 670 3515 epulasque
686 3427 754 3494 foci
772 3428 894 3493 misere
911 3427 1077 3502 calentes,

15 3590 16 3599 ,
116 3554 176 3598 1166
194 3534 330 3621 longae⁴
338 3552 456 3600 rursus
473 3534 664 3605 referuntur
680 3533 761 3597 vina
777 3542 951 3606 senectae,

14 3662 15 3669 ¹
115 3634 264 3725 dantque
280 3640 395 3704 locum
414 3639 540 3703 mensis
556 3639 697 3724 paulum
715 3639 855 3705 seducta
872 3635 1047 3701 secundis,

14 3724 16 3793 s
115 3744 170 3810 hic
185 3742 272 3825 mix,
290 3744 349 3809 hic
364 3744 471 3807 mixta
487 3755 538 3809 est
553 3743 689 3832 rugosis
704 3743 819 3808 carica
836 3716 973 3825 palriris,

102 3834 307 3937 pruiraque,
326 3848 411 3915 etin
427 3849 552 3933 patulis
566 3824 755 3915 redordiria
771 3846 864 3909 111616
879 3817 1048 3914 ἇ611161116,
1111 3854 1183 3921 όγςκ

116 3958 208 4024 etde
223 3952 406 4042 purpureis
422 3954 586 4019 collectae
600 3954 725 4018 vitibus
740 3970 841 4014 uvae.
