2709 4325
11 229 13 244 ι
124 221 145 284 χ,
162 243 186 299 3,
200 225 269 304 24·]'
419 211 602 306 Bonr'shed
610 211 718 296 from
739 209 862 278 Rome.
1109 224 1171 296 171

500 504 564 572 IV.
613 504 784 572 Tarsam.

166 661 237 714 THE
254 659 364 714 Tristia
386 661 418 731 (“
430 660 602 730 Complaints
613 658 644 731 ’')
661 676 708 713 are
720 659 774 713 five
792 657 883 712 books
901 655 935 710 of
949 673 1047 727 poems
1061 659 1170 715 written

118 747 216 818 during
236 749 337 802 Ovid's
355 747 421 819 long
438 747 628 802 banishment.
674 750 760 802 Some
777 745 811 799 of
825 747 902 799 them
919 746 991 799 have
1009 748 1091 801 much
1111 747 1170 801 bio·

117 834 256 904 graphical
275 835 403 902 interest,
413 835 470 890 and
488 835 525 890 all
542 851 590 910 are
608 833 657 891 fut]
676 834 709 889 o'f
723 833 855 904 personat
867 832 989 905 feeling3
1008 833 1169 891 sometimes
1212 853 1221 867 ·

117 930 311 988 monotonous,
325 919 423 992 abject,
436 922 493 976 and
505 921 645 994 unmanly,
660 936 738 975 more
755 919 832 975 often
851 936 869 974 a
885 921 1006 995 genuine
1022 921 1077 993 and
1096 931 1170 978 most

116 1007 237 1074 pathetic
263 1007 430 1075 expression
454 1007 487 1061 of
507 1009 555 1062 the
579 1023 701 1061 sorrows
726 1006 759 1060 of
782 1006 864 1063 exile.
911 1007 1098 1079 (Respecting
1121 1010 1168 1066 the

116 1108 212 1147 causes
225 1093 283 1148 and
295 1094 514 1149 circumstances
527 1093 560 1148 os
574 1093 673 1148 Ovid’s
688 1092 875 1162 banishment,
888 1110 937 1149 see
949 1094 996 1149 the
1010 1093 1092 1165 Life.)
1161 1090 1166 1096 ’

326 1311 358 1355 Ι.
383 1289 682 1375 Bam'shedsrom
705 1288 817 1355 Rome
842 1288 884 1379 (i.
902 1289 956 1377 3).

118 1495 263 1642 CUM
279 1496 369 1566 subit
383 1497 474 1566 illius
490 1498 681 1565 tristissima
698 1499 806 1565 noctis
822 1498 953 1586 imago,

231 1604 314 1690 Qua
331 1605 415 1670 mihi
431 1627 630 1691 supremum
647 1617 781 1691 tempus
797 1605 832 1670 in
848 1606 945 1672 Urbe
962 1604 1036 1681 suit,

114 1712 203 1779 Cum
219 1725 335 1799 repeto
352 1724 501 1789 noctem,
520 1734 588 1799 qua
604 1723 651 1778 tot
667 1712 750 1776 mihi
767 1732 847 1778 cara
864 1711 998 1798 reliqui,

155 1819 301 1885 Labitur
317 1841 362 1885 ex
378 1819 487 1886 oculis
504 1840 598 1884 nunc
613 1840 748 1906 quoque
766 1829 862 1906 gutta
878 1819 977 1885 meis.

110 1925 186 2026 Jam
204 1947 311 2012 prope
327 1927 388 1990 lux
406 1927 537 2000 aderat,
555 1946 623 2012 qua
642 1947 696 1990 me
713 1925 891 1990 discedere
908 1922 1041 1990 Caesar
1150 1943 1165 2011 ς

155 2032 300 2098 Finibus
317 2043 492 2098 extremae
505 2033 653 2120 jusserat
669 2030 873 2096 Ausoniae.‘

113 2137 189 2207 Nec
206 2139 353 2226 spatium
370 2140 493 2215 suerat,
511 2159 577 2205 nec
593 2159 690 2204 mens
707 2138 788 2204 satis
804 2147 885 2224 apta
900 2135 1067 2224 parandiz

154 2247 376 2332 Torpuerant
391 2248 498 2332 longa
514 2257 654 2332 pectora
670 2255 785 2311 nostra
802 2266 909 2310 mora.

113 2350 193 2418 Non
210 2352 294 2417 mint
311 2374 501 2428 servorum,
520 2352 652 2417 comitis
669 2373 738 2417 non
754 2372 838 2415 cura
853 2350 1006 2439 legendi,
1062 2392 1065 2395 -

155 2458 239 2526 Non
255 2470 356 2545 aptae
372 2458 520 2548 profugo
536 2459 639 2523 vestis
655 2457 774 2543 opisve
790 2456 863 2522 suit.
1132 2489 1165 2527 10

112 2563 192 2631 Non
209 2566 306 2631 aliter
322 2565 449 2651 stupui,
468 2584 571 2651 quam
588 2564 645 2651 qui
657 2564 754 2651 Jovis
770 2564 908 2651 ignibus
925 2562 1012 2628 ictus

154 2670 262 2747 Vivit,
281 2682 313 2737 et
329 2682 380 2739 est
395 2670 485 2736 vitae
503 2670 638 2736 nescius
655 2671 729 2755 ipse
745 2690 840 2735 suae.

111 2776 158 2844 Ut
172 2789 289 2843 tamen
305 2780 397 2843 hanc
415 2762 519 2842 animi
537 2778 663 2842 nubem
681 2778 778 2842 dolor
793 2776 867 2861 ipse
881 2775 1039 2852 removit,

154 2884 199 2950 Et
214 2886 352 2950 tandem
371 2906 492 2951 sensus
510 2884 716 2949 convaluere
735 2883 823 2958 mei3

110 2988 291 3077 Adloquor
305 2986 497 3057 extremum
518 3001 665 3055 maestos
682 2979 834 3055 abiturus
851 2988 994 3065 amicos,
1133 3020 1163 3075 ¹5

156 3096 227 3186 Qui
245 3099 347 3164 modo
363 3100 407 3164 de
424 3098 538 3164 multis
554 3118 644 3162 unus
660 3107 693 3161 et
709 3097 794 3160 alter
809 3106 917 3162 erant.

111 3202 209 3269 Uxor
225 3187 347 3270 amans
363 3205 501 3270 flentem
517 3205 604 3270 flens
622 3204 735 3270 acrius
751 3202 827 3287 ipsa
842 3202 992 3278 tenebat,

157 3309 272 3377 Imbre
288 3334 350 3398 per
365 3313 525 3399 indignas
541 3333 650 3399 usque
667 3312 812 3377 cadente
828 3328 958 3396 genas;

112 3416 202 3483 Nata
219 3420 340 3505 procul
356 3418 499 3505 Libycis
516 3420 633 3483 aberat
648 3418 785 3483 diversa
802 3416 866 3481 sub
881 3415 963 3492 oris

152 3524 232 3591 'Nec
249 3536 381 3612 poterat
396 3525 455 3589 sati
472 3525 594 3590 certior
610 3545 686 3590 esse
703 3526 782 3592 mei.
1128 3555 1163 3594 20

113 3630 343 3717 Quocumque
360 3616 543 3715 aspiceres⁹
562 3630 673 3695 luctus
690 3630 907 3717 gemitusque
923 3628 1105 3705 sonabant,
1164 3625 1166 3630 ’

154 3738 184 3803 F
185 3758 350 3824 ormaque
366 3742 435 3801 non
451 3732 542 3801 taciti
559 3736 690 3800 funeris
706 3736 795 3801 intus
812 3747 897 3801 crat.

110 3844 256 3909 Femina
272 3843 391 3929 virque
409 3864 499 3916 meo,
517 3842 613 3927 pueri
630 3862 766 3927 quoque
783 3842 903 3907 funere
919 3853 1094 3917 maerent}

154 3948 264 4036 Inque
281 3947 384 4011 domo
400 3944 560 4010 lacrimas
578 3944 727 4030 angulus
742 3944 854 4010 omnis
871 3942 993 4009 habet:
