2709 4325
133 268 265 342 xl.169.]
350 247 504 323 ’θοηίεεί
525 256 574 342 os
586 254 665 322 Pan
689 254 765 320 and
783 253 926 340 Apollo.
1107 267 1173 338 109

133 447 244 515 ‘Neve
259 452 351 518 male
368 462 486 538 optato
500 469 643 516 maneas
660 430 871 516 circumlitus
886 468 984 526 auro,

126 555 224 620 vade'
237 556 286 622 ait
303 559 374 624 ‘ad
390 556 528 646 magnis
543 557 695 623 vicinum
711 554 880 622 Sardibus
896 575 1049 632 amnem,

123 681 242 748 perque
254 662 384 752 jugum
402 663 526 730 montis
541 662 737 729 labentibus
751 660 873 745 obvius
888 660 992 727 undis
1109 699 1122 716 ω
1140 705 1165 722 ..
1180 686 1223 743 a,

123 785 217 851 carpe
231 768 344 846 viam,
363 770 474 836 donec
489 768 609 834 venias
626 769 670 833 ad
687 766 840 832 fluminis
855 779 970 842 ortus;

55 915 59 926 ·
121 873 386 962 spumigeroque
402 885 497 941 tuum
514 873 612 949 sonti,
629 893 698 960 quo
716 872 883 958 plurimus
900 873 982 951 exit,
1121 906 1171 958 ιφ

120 978 218 1044 subde
235 990 359 1066 caput,
377 1001 569 1068 corpusque
586 979 703 1053 simul,
721 977 824 1044 simul
841 979 918 1045 elue
934 979 1090 1046 crimen!

119 1103 174 1148 rex
184 1083 308 1172 jussae
325 1086 479 1154 succedit
495 1105 618 1172 aquae.
666 1082 733 1150 Vis
749 1105 854 1151 aurea
870 1055 989 1152 tinxit

118 1186 252 1268 flumen,
272 1204 309 1260 et
325 1193 479 1258 humano
494 1192 538 1256 de
554 1211 699 1276 corpore
714 1190 816 1258 cessit
830 1191 865 1257 in
882 1213 1032 1258 amnem.

118 1314 202 1362 nunc
217 1319 362 1386 quoque
374 1297 448 1386 jam
464 1297 589 1364 veteris
606 1309 770 1385 percepto
785 1299 916 1366 semine
930 1321 1041 1366 venae

118 1420 193 1486 arva
209 1404 330 1494 rigent
347 1425 431 1470 auro
447 1402 594 1469 madidis
611 1404 776 1490 pallentia
791 1406 917 1494 glebis.
1119 1436 1169 1493 145

157 1507 234 1588 Ille,
252 1523 401 1598 perosus
417 1531 515 1596 opes,
533 1509 637 1578 silvas
653 1521 688 1576 et
702 1531 782 1576 rura
798 1511 946 1589 colebat,

117 1609 282 1705 Panaque
300 1616 471 1684 montanis
487 1616 699 1683 habitantem
715 1637 853 1703 semper
867 1618 904 1684 in
920 1619 1041 1684 antris

117 1719 242 1812 pingue
260 1723 351 1790 sed
341 1723 521 1811 mgenium
537 1723 684 1798 mansit;
708 1704 944 1812 ndcituraque‚
962 1735 999 1790 ut
1014 1734 1107 1837 ante,¹

117 1843 231 1894 rursus
247 1837 347 1894 erant
363 1826 503 1894 domino
518 1826 661 1894 stolidae
677 1828 881 1920 praecordia
897 1829 1062 1894 mentis..

48 1925 51 1929 ’
84 1947 88 1954 ·
117 1951 193 1998 nam
209 1935 300 2000 freta
317 1932 528 2020 prospiciens
543 1933 719 2053 lppe'rjget
735 1934 864 2000 arduus
879 1934 947 2000 alto
1119 1965 1168 2021 150

17 2059 18 2074 ³
115 2033 287 2107 Tmolus
274 2061 313 2106 rn
330 2060 489 2118 ascensu,
508 2018 665 2160 clivoque
681 2051 844 2106 extensus
858 2051 1002 2127 utroque

17 2170 18 2180 ¹
101 2141 285 2239 '‘Sardibus
300 2147 395 2225 hinc,
413 2146 508 2215 illinc
522 2145 638 2233 parvis
653 2146 769 2213 finitur
786 2146 978 2236 Hypaepis.

18 2342 19 2347 ἵ
117 2250 188 2321 Pan
203 2254 253 2325 ibi
270 2254 353 2321 dum
368 2254 494 2321 teneris
506 2254 612 2342 jactat
627 2274 692 2319 sua
707 2255 859 2320 carmina
876 2255 1053 2343 nymphis,

119 2370 149 2427 et
162 2364 240 2428 leve
256 2372 372 2427 cerata
388 2358 582 2430 modulatur
598 2360 766 2426 arundine
782 2381 935 2438 carmen,

119 2487 220 2535 ausus
235 2452 444 2554 Apollineos
456 2487 539 2552 prae
556 2486 593 2533 se
610 2477 829 2533 contemnere
844 2479 978 2546 cantus,
1119 2498 1165 2556 1⁵5

18 2602 20 2635 t
115 2572 229 2662 judice
251 2575 320 2648 sub
338 2572 466 2641 Tmolo
481 2583 655 2639 certamen
670 2573 765 2638 venit
779 2573 824 2640 ad
840 2572 964 2660 impar.

158 2681 281 2749 Monte
298 2702 361 2757 suo
376 2679 491 2747 senior
502 2678 611 2768 judex
627 2680 794 2757 consedit,
811 2691 845 2746 et
860 2701 961 2747 aures

19 2840 20 2887 p
117 2786 237 2855 liberat
252 2788 453 2855 arboribus:
477 2778 607 2875 quercu
623 2806 723 2853 coma
739 2788 879 2852 caerula
894 2797 1025 2851 tantum

20 2890 21 2900 ’
118 2892 277 2981 cingitur,
295 2902 329 2956 et
345 2890 496 2977 pendent
511 2890 641 2955 circum
659 2909 747 2955 cava
761 2898 916 2974 tempora
933 2888 1092 2977 glandes.

20 3056 21 3059 ,
117 2997 211 3086 isque
226 2998 332 3064 deum
348 2996 482 3083 pecoris
498 3008 671 3082 spectans,
692 2995 757 3061 ‘In
769 2994 906 3084 judice'
921 2995 1007 3060 dixit
1116 3010 1166 3067 160

120 3105 236 3170 ‘nulla
254 3124 350 3169 mora
367 3102 442 3167 est.'
488 3101 642 3170 Calamis
659 3101 853 3191 agrestibus
868 3101 1003 3167 insonat
1018 3101 1096 3166 ille:

21 3244 22 3253 .
118 3210 363 3296 barbaricoque
380 3208 503 3274 Midan
515 3246 560 3259 -
572 3210 691 3275 aderat
706 3231 788 3274 nam
804 3208 890 3274 sorte
906 3208 1041 3272 canenti
1053 3244 1098 3257 -

22 3362 23 3365 κ
119 3318 268 3383 carmine
286 3313 424 3381 delenit.
473 3313 556 3381 Post
572 3317 664 3381 hunc
680 3338 780 3383 sacer
795 3337 856 3383 ora
872 3314 1005 3380 retorsit

117 3422 260 3489 Tmolus
278 3421 322 3487 ad
338 3442 376 3487 os
391 3419 545 3487 Phoebi:
569 3422 701 3487 vultum
718 3445 781 3488 sua
797 3424 884 3490 silva
900 3430 1017 3488 secuta
1034 3430 1096 3486 est.

158 3529 235 3605 Ille,
255 3537 360 3613 caput
374 3524 503 3591 flavum
519 3526 617 3593 lauro
633 3520 824 3595 Parnaside
841 3530 988 3605 vinctus,
1116 3540 1164 3611 165

22 3622 23 3649 i
116 3637 215 3702 verrit
232 3634 377 3699 humum
393 3632 503 3719 Tyrio
519 3644 668 3698 saturata
687 3634 816 3700 murice
833 3637 948 3721 palla;

116 3741 372 3825 instrictamque
386 3737 490 3802 fidem
506 3738 654 3825 gemmis
671 3749 705 3803 et
720 3740 878 3805 dentibus
895 3741 990 3805 Indis

22 3884 24 3929 f
116 3848 258 3915 sustinet
274 3865 295 3909 a
312 3844 424 3917 laeva,
442 3843 549 3905 tenuit
565 3863 688 3907 manus
704 3845 811 3907 altera
827 3846 992 3927 plectrum
1006 3865 1015 3905 r

118 3950 255 4018 artificis
272 3931 381 4014 status
397 3944 471 4031 ipse
487 3946 561 4009 suit.
609 3944 703 4009 Turn
719 3947 866 4010 stamina
882 3946 983 4009 docto
