2709 4325
120 259 295 332 xl11.278.]
462 240 601 306 Boules
624 241 744 325 before
774 238 879 326 Troy.
1114 253 1184 324 125·

119 439 300 513 interimo;
326 459 396 502 non
414 449 494 503 ante
510 449 639 514 tamen,
657 458 762 524 quarn
779 448 903 502 cuncta
918 436 1018 525 coligi
1126 465 1177 522 245

119 547 280 630 prodere,
300 555 334 610 et
350 544 491 620 edidici,
510 545 591 631 quid
607 545 741 630 perfida
755 543 864 632 Troja
880 555 1028 630 pararet.

119 652 236 718 omnia
254 673 460 741 cognoram,
479 673 544 716 nec
559 653 651 738 quod
668 652 867 736 specularer
883 651 1076 725 habebum3

119 771 153 824 et
164 760 238 847 jam
256 760 427 846 promissa
443 770 599 845 poteram
615 773 695 823 cum
712 758 814 822 laude
830 756 974 823 reverti:

120 866 216 932 haud
232 877 413 931 contentus
430 885 483 940 eo,
505 864 585 950 petii
601 865 746 930 tentoria
763 863 886 940 Rhesi,

120 973 224 1059 inque
242 972 314 1038 suis
330 971 443 1057 ipsum
460 971 579 1039 castris
596 969 807 1058 comitesque
823 969 975 1056 peremi:
1125 997 1178 1055 250

108 1087 223 1165 'atque
241 1079 288 1144 ita
306 1077 443 1163 captivo
459 1078 567 1144 victor
582 1078 739 1164 votisque
755 1077 880 1162 potitus

120 1184 299 1272 ingredior
315 1205 417 1250 curru
433 1183 541 1251 laetos
556 1184 711 1248 imitante
726 1184 931 1269 triumphos.

121 1292 220 1381 cujus
238 1313 346 1378 equos
362 1289 508 1376 pretium
526 1313 588 1376 pro
604 1301 705 1356 nocte
721 1301 924 1376 poposcerat
941 1290 1061 1368 hostis,

121 1419 218 1463 arma
236 1410 363 1485 negate
380 1397 478 1472 mihi,
496 1398 665 1484 fueritque
682 1396 864 1485 benignior
881 1395 996 1485 Ajaxl

167 1516 176 1546 ⁶
193 1504 292 1588 Quid
309 1504 410 1591 Lycii
427 1505 574 1569 referum
592 1504 805 1589 Sarpedonis
822 1505 963 1591 agmina
979 1504 1071 1570 ferro
1123 1533 1174 1590 255

120 1611 299 1677 devastata
317 1608 416 1676 meo?
440 1631 519 1675 cum
537 1611 643 1676 multo
660 1609 831 1696 sanguine
847 1610 921 1675 fudi

121 1717 307 1784 Coeranon
325 1716 497 1802 Iphitiden
513 1728 547 1782 et
561 1715 793 1803 Alastoraque
807 1715 1081 1803 Chromiumque

120 1824 407 1910 Alcandrumque
426 1823 637 1910 Haliumque
657 1823 910 1909 Noemonaque
927 1822 1174 1909 Prytauinque,

120 1932 295 2017 exitioque
313 1931 392 1995 dedi
409 1951 488 1995 cum
505 1929 793 1996 Chersidamante
808 1929 971 2004 Thoona,

120 2051 155 2103 et
170 2037 384 2122 Charopem,
403 2037 547 2123 fatisque
565 2036 751 2101 immitibus
769 2035 951 2100 Ennomon
969 2046 1098 2111 actum,
1124 2050 1178 2104 260

120 2145 248 2232 quique
265 2145 380 2209 minus
397 2143 550 2211 celebres
567 2153 683 2208 nostra
698 2137 763 2207 sub
780 2140 961 2207 moenibus
975 2141 1082 2206 urbis*
1177 2186 1181 2194 ι

121 2252 337 2337 procubuere
354 2270 471 2315 manu.
521 2244 659 2314 Sunt-et
675 2247 759 2312 mihi
775 2249 932 2322 vulnera,
951 2246 1058 2322 cives,

119 2359 195 2444 ipso
213 2357 361 2444 pulchra
378 2356 474 2421 loco:
499 2376 565 2421 nec
579 2355 680 2419 vanis
697 2354 824 2419 credite
838 2354 966 2419 verbis.

120 2465 265 2549 aspicite
282 2484 324 2527 en
339 2460 368 2526 l’
382 2476 581 2549 vestemque
597 2482 702 2525 manu
719 2459 875 2535 diduxit3
901 2473 937 2525 et
953 2472 963 2501 ⁴
980 2459 1081 2525 Haec
1097 2470 1177 2526 suut

120 2582 262 2659 pectora
278 2569 433 2654 semper’
449 2569 495 2633 ait
512 2568 655 2633 ‘vestris
671 2567 824 2632 exercita
840 2567 959 2632 rebus.
1124 2583 1176 2652 265

121 2688 156 2741 at
172 2676 220 2741 nil
237 2675 406 2761 impendit
420 2694 482 2761 per
497 2686 545 2740 tot
558 2673 786 2739 Telamonius
802 2694 914 2739 anuos

121 2782 304 2869 sanguinis
320 2781 354 2845 in
372 2781 495 2855 socios,
512 2792 547 2845 et
563 2781 666 2845 babet
682 2780 757 2844 siue
772 2781 914 2845 vulnere
930 2801 1068 2865 corpus.

42 2875 52 2901 ⁹
168 2899 177 2929 ⁶
194 2887 291 2973 Quid
308 2899 423 2952 tamen
440 2888 506 2952 hoc
521 2886 637 2960 refert,
656 2886 685 2950 si
702 2908 739 2952 se
755 2905 819 2971 pro
836 2887 947 2951 classe
964 2885 1115 2971 Pelasga

122 3016 219 3087 arma
235 2994 355 3058 tulisse
370 2993 472 3058 refert
489 3005 607 3057 contra
623 2994 805 3077 Troasque
816 2991 1030 3078 Jovemque?

121 3102 367 3186 confiteorque,
385 3100 482 3164 tulin
506 3099 727 3185 nequeenim
744 3099 924 3165 benefacta
941 3099 1093 3185 maligne
1123 3129 1175 3181 270

121 3209 313 3272 detractare
331 3228 443 3271 meum
461 3216 533 3280 est;
558 3206 619 3271 sed
635 3228 679 3270 ne
695 3205 893 3271 communia
909 3206 1002 3269 solus
1017 3247 1022 3253 ·

120 3325 279 3401 occupet,
295 3325 402 3399 atque
413 3314 563 3399 aliquem
580 3312 678 3377 vobis
695 3333 831 3399 quoque
847 3312 969 3376 reddat
985 3312 1172 3385 honorem3

121 3420 272 3505 reppulit
287 3416 470 3486 Actorides
488 3419 551 3483 sub
567 3419 722 3506 imagine
738 3430 829 3483 tutus
844 3416 994 3482 Achillis

120 3527 233 3592 Troas
251 3527 296 3589 ab
313 3526 440 3590 arsuris
458 3547 537 3591 cum
555 3525 736 3590 defensore
752 3524 888 3589 carinis.

120 3654 242 3698 ausum
261 3632 364 3697 etiam
384 3632 556 3697 Hectoreo
572 3632 683 3697 solum
699 3652 904 3695 concurrere
922 3628 1020 3695 marti
1066 3666 1071 3677 ·
1123 3659 1174 3715 273

119 3762 157 3805 se
172 3751 284 3826 putat,
303 3738 427 3804 oblitus
443 3738 604 3825 regisque
620 3738 817 3823 ducumque
834 3737 983 3822 meique,

118 3861 231 3911 nonus
248 3846 285 3910 in
301 3844 426 3920 officio,
445 3856 478 3908 et
494 3844 667 3927 praelatus
684 3864 826 3926 munere
842 3843 954 3907 sortis.

118 3954 179 4019 sed
196 3964 317 4019 tamen
333 3961 475 4015 eventus
491 3959 638 4024 vestrae,
656 3947 852 4023 fortissime,
869 3966 1009 4033 pugnae
