2709 4325
155 227 218 276 122
373 209 527 295 Rr'valry
551 211 599 294 of
611 206 712 295 Asitx
734 207 809 272 and
835 205 984 292 Ulysses.
1031 221 1205 293 ‘[Mnrnu.

152 429 234 472 nam
251 405 335 471 mihi
352 404 496 472 Laertes
513 417 609 491 pater
626 415 690 480 est,
707 403 872 470 Arcesius
888 403 952 478 illi,

147 513 305 598 Juppiter
334 513 435 587 huic3
472 533 583 599 neque
612 511 647 576 in
676 511 729 576 his
756 509 936 597 quisquam
963 508 1146 573 damnatus
1172 519 1207 572 et

287 621 398 686 exsul.
501 677 504 682 .
925 698 928 702 A
1154 644 1204 700 Ι45

152 736 202 790 est
217 748 355 813 quoque
372 749 435 812 per
451 736 596 792 matrem
613 723 794 813 Cyllenius
811 722 927 789 addita
943 721 1042 788 nobis
1094 803 1098 808 .

150 835 257 898 altera
273 833 452 899 nobilitas:
478 834 565 899 deus
580 833 682 906 estin
698 844 842 918 utroque
858 842 1012 917 parente.

197 939 293 1004 ‘Sed
311 961 421 1026 neque
439 952 594 1005 materno
611 940 703 1028 quod
720 960 796 1004 sum
814 937 1013 1026 generosior
1028 946 1117 1011 ortu,

149 1066 214 1110 nec
231 1045 313 1110 mihi
330 1046 422 1133 quod
439 1059 534 1132 pater
552 1058 604 1112 est
619 1047 758 1111 fraterni
775 1043 955 1132 sanguinis
971 1042 1103 1119 insons,

149 1151 321 1237 proposita
339 1174 434 1218 arma
450 1165 550 1238 peto:
577 1151 706 1219 meritis
721 1151 905 1236 expendite
921 1171 1075 1215 causam.
1153 1145 1205 1235 130

149 1259 335 1324 dummodo
351 1260 449 1345 quod
460 1260 581 1325 fratres
597 1259 769 1352 Telamon
786 1257 979 1344 Peleusque
996 1255 1134 1322 fuerunt
1189 1255 1195 1264 ’

148 1363 269 1452 Ajacis
286 1366 443 1430 meritum
461 1389 529 1431 non
547 1367 601 1442 sit,
620 1387 686 1430 nec
701 1363 884 1452 sanguinis
898 1364 997 1439 orda,
1089 1431 1091 1436 .
1123 1412 1129 1422 i
1163 1366 1167 1372 ’

149 1472 210 1536 sed
227 1471 358 1536 virtutis
375 1473 485 1538 honor
501 1473 619 1558 spoliis
635 1484 820 1559 quaeratur
835 1471 872 1535 in
887 1470 972 1555 istis.
1020 1489 1023 1492 ’

149 1589 207 1640 aut
218 1615 261 1625 -
272 1577 300 1642 si
317 1578 518 1663 proximitas
534 1579 735 1665 primusque
744 1578 932 1665 requiritur
947 1579 1103 1644 heresu-

148 1695 199 1748 est
215 1684 349 1770 genitor
366 1684 503 1760 Peleus,
522 1697 573 1752 est
589 1685 745 1772 Pyrrhus
761 1686 851 1751 filius
867 1685 929 1753 illi.
1152 1713 1204 1772 155

148 1790 223 1875 quis
240 1791 334 1856 locus
351 1790 475 1880 Ajaci?
498 1791 660 1886 Phthiam
677 1793 765 1856 haec
780 1791 961 1878 Scyronve
977 1792 1143 1858 serantur.

147 1917 213 1960 nec
229 1897 341 1962 minus
358 1909 408 1962 est
424 1897 488 1963 isto
504 1898 641 1964 Teucer
657 1899 821 1984 patruelis
837 1897 990 1964 Achilli:
1059 1953 1062 1957 ,
1090 1923 1095 1957 ;

147 2023 230 2066 num
247 2003 329 2087 petit
344 2004 402 2068 ille
419 1999 554 2070 tamen?
569 2007 816 2091 num‚si.petat,
836 2005 1065 2071 auferatilla?
1120 2057 1124 2064 .

147 2129 231 2196 ergo
247 2129 389 2195 operum
406 2110 568 2198 quoniam
586 2113 908 2178 nudumcertamen
925 2114 1084 2195 habetur,

146 2217 245 2301 plura
262 2216 400 2302 quidem
417 2217 482 2281 leci
498 2239 601 2304 quam
618 2239 707 2304 quae
724 2220 971 2305 comprendere
988 2220 1087 2284 dictis
1151 2236 1202 2290 160

146 2322 182 2386 in
198 2333 357 2407 promptu
374 2322 458 2387 mihi
475 2323 537 2397 sit3
562 2345 677 2389 rerum
694 2329 810 2389 tamen
826 2327 946 2391 ordine
962 2327 1082 2393 ducar.
1152 2352 1157 2359 ¹

194 2426 379 2493 ‘Praescia
396 2430 528 2495 venturi
547 2430 696 2517 genitrix
711 2431 841 2497 Nereia
858 2433 916 2497 leti
939 2484 944 2489 .

146 2534 336 2599 dissimulat
354 2537 445 2601 cultu
461 2547 602 2603 natum:
625 2538 810 2622 'deceperat
826 2562 960 2616 omnes,

144 2641 179 2703 in
196 2641 318 2727 quibus
335 2640 495 2730 Ajacem,
514 2655 669 2728 sumptae
686 2645 824 2710 fallacia
839 2647 965 2717 vestis·

146 2768 242 2811 arma
259 2768 324 2833 ego
343 2748 512 2824 femineis
531 2748 686 2815 animum
704 2762 836 2817 motura
853 2752 1000 2829 virilem,
1149 2772 1199 2841 165

146 2854 316 2918 mercibus
333 2854 473 2921 inserui.
512 2854 647 2942 ⁴Neque
665 2859 782 2924 adhuc
798 2860 989 2948 projecerat
1006 2861 1107 2928 heros

143 2960 317 3045 virgineos
335 2960 482 3034 habitus,
502 2982 579 3053 cum
597 2974 754 3047 parmam
772 2967 1118 3052 hastamquetenenti

143 3064 245 3130 Nata
261 3066 325 3131 dea
346 3066 454 3152 (dixi)
474 3069 540 3131 tibi
553 3090 589 3133 se
598 3072 768 3155 paritura
783 3082 970 3135 reservant
1002 3114 1006 3123 -

142 3170 333 3256 Pergama.
382 3171 484 3255 Quid
498 3176 635 3241 dubitas
652 3180 825 3264 ingentem
842 3190 1001 3246 evertere.
1019 3179 1200 3268 Triyam?

142 3276 311 3363 injecique
329 3296 481 3353 manum,
502 3281 692 3368 sortemque
710 3285 755 3349 ad
770 3284 870 3351 sortia
885 3287 990 3353 misi..
1068 3306 1072 3315 ·
1149 3317 1200 3371 170

142 3403 226 3467 ergo
244 3403 349 3466 opera
366 3383 456 3451 illius
474 3408 551 3453 mea
568 3399 656 3453 sunt.
704 3389 782 3477 Ego
798 3392 980 3478 Telephon
997 3393 1096 3459 hasta

27 3486 29 3491 ’
142 3499 357 3573 pugnantem
372 3492 509 3567 domui;
535 3494 662 3561 victum
679 3508 901 3583 orantemque
918 3499 1035 3564 refeci.
1049 3531 1052 3538 ·

141 3595 232 3679 quod
243 3594 389 3663 Thebae
403 3598 571 3674 cecidere,
588 3621 703 3665 meum
716 3613 779 3666 est.
825 3602 887 3671 Me
900 3603 1027 3669 credite
1040 3604 1196 3683 Lesbon,

142 3721 196 3763 me
213 3701 395 3778 Tenedon,
415 3702 664 3791 Chrysenque,
675 3718 708 3771 et
723 3707 851 3789 Cillan,
870 3708 1044 3795 Apollinis
1059 3714 1181 3788 urbes,

140 3817 174 3870 et
191 3806 326 3895 Scyron
344 3808 490 3893 cepisse.
540 3810 623 3877 Mea
641 3832 809 3895 concussa
826 3826 954 3900 putate
1149 3847 1199 3906 175

141 3914 364 3997 procubuisse
379 3916 453 3985 ,solo
470 3914 643 4003 Lyrnesi-a
659 3919 795 4003 moenia
812 3921 945 4005 dextra.
1151 3903 1190 3925 ‘⁴'
