2709 4325
98 237 123 293 v.
138 238 204 311 532]
247 205 332 293 'Sko
356 226 554 297 discovers
577 230 819 321 Hoserpticc’s
841 227 975 297 Abode.
1114 244 1134 315 5
1137 244 1158 316 5

96 417 226 485 advehar
240 422 462 513 Ortygiam,
481 428 603 495 veniet
617 428 811 495 narratibus
827 427 913 494 hora

94 526 274 610 tempestiva
292 532 402 606 meis,
424 554 514 599 curn
531 544 568 599 tu
585 554 736 621 curaque
752 534 866 601 levata
1104 562 1157 621 ⁵⁰⁰

93 640 119 693 et
130 632 234 699 vultus
250 636 419 705 melioris
439 640 527 705 eris.
575 638 666 705 Mihi
683 640 801 726 pervia
817 640 919 705 tellus

91 738 214 819 praebet
228 738 307 817 iter,
329 744 534 832 subterque
549 744 639 811 imas
655 746 769 812 ablata
785 764 968 820 cavernas,

91 840 136 907 hic
150 834 250 929 caput
266 850 413 927 attollo,
434 852 649 938 desuetaque
665 852 779 917 sidera
794 872 912 918 cerno.

91 968 160 1035 ergo
175 951 259 1017 dum
275 952 419 1043 Stygio
438 958 505 1023 sub
521 957 620 1024 terris
636 957 775 1046 gurgite
791 958 901 1034 labor,

89 1052 151 1119 visa
164 1068 222 1121 tua
239 1070 295 1126 est
310 1062 437 1128 oculis
454 1063 527 1129 illic
542 1062 749 1149 Proserpina
765 1064 909 1131 nostris:
1101 1093 1151 1153 505

90 1157 139 1224 illa
153 1162 295 1248 quidem
312 1167 446 1245 tristis,
464 1190 578 1256 neque
595 1170 710 1236 adhuc
725 1169 876 1236 interrita
891 1170 1001 1249 vultu,

90 1266 142 1331 sed
155 1270 279 1357 regina
298 1282 444 1352 tamen,
464 1275 525 1341 sed
542 1274 643 1360 opaci
660 1276 812 1342 maxima
829 1276 961 1354 mundi,

91 1373 142 1438 sed
156 1382 275 1442 tamen
291 1378 433 1445 inferni
449 1381 585 1467 pollens
601 1394 756 1450 matrona
771 1382 929 1470 tyranni?

127 1478 240 1548 Mater
256 1486 307 1551 ad
326 1486 471 1552 auditas
487 1487 614 1573 stupuit
627 1510 692 1556 ceu
708 1510 816 1557 saxea
831 1509 948 1567 voces,

92 1587 318 1677 attonitaeque
338 1592 404 1657 diu
421 1592 543 1659 similis
559 1593 632 1659 suit.
681 1594 798 1683 thue
814 1596 931 1663 dolore
1100 1624 1153 1685 5¹⁰

93 1692 182 1776 pulsa
197 1698 304 1784 gravi
324 1697 448 1787 gravis
465 1709 516 1765 est
531 1701 692 1777 amentia,
711 1702 867 1769 curribus
883 1721 986 1769 auras

93 1800 155 1865 exit
169 1801 205 1867 in
222 1804 429 1871 aetherias:
455 1804 503 1871 ibi
518 1817 587 1874 toto
603 1807 721 1874 nubila
736 1809 833 1876 vultu

95 1912 164 1969 ante
175 1903 306 1991 Jovem
327 1907 443 1997 passis
460 1908 549 1973 stetit
563 1908 733 1977 invidiosa
748 1910 904 1997 capillis:

96 2007 249 2098 ‘Proque
267 2034 354 2079 meo
369 2012 449 2079 veni
466 2016 612 2104 supplex
628 2016 701 2093 tibi,
714 2016 898 2105 juppiter?
914 2015 1034 2105 inquit,

96 2118 307 2208 ‘sanguine,
321 2140 453 2209 proque
468 2131 540 2188 tuo.
588 2122 626 2190 Si
643 2124 739 2190 nulla
755 2133 807 2192 est
821 2123 932 2213 gratia
948 2121 1079 2202 matris,
1101 2153 1150 2212 5¹⁵

96 2233 170 2289 nata
184 2237 328 2312 patrem
345 2238 501 2302 moveat3
525 2250 593 2296 neu
609 2230 652 2296 sit
665 2231 726 2296 tibi
742 2251 840 2308 cura,
856 2251 1051 2316 precamur,

98 2328 190 2397 vilior
204 2333 319 2416 illius,
337 2325 430 2420 quod
447 2345 561 2402 nostro
578 2347 629 2402 est
644 2337 736 2403 edita
752 2347 863 2423 partu.

100 2455 138 2500 en
153 2439 314 2525 quaesita
330 2437 390 2506 diu
406 2439 545 2506 tandem
563 2442 647 2507 mihi
664 2454 745 2508 nata
763 2453 897 2529 reperta
913 2453 985 2510 estt

101 2541 126 2606 si
140 2544 295 2632 reperire
310 2567 417 2612 vocas
434 2546 586 2615 amittere
603 2549 743 2640 certius,
759 2561 817 2616 aut
832 2549 861 2616 si

101 2649 196 2728 scire,
213 2651 276 2718 ubi
293 2652 348 2730 sit,
367 2653 517 2740 reperire
532 2676 649 2723 vocas.
700 2654 806 2742 Quod
821 2666 932 2743 rapta,
950 2656 1113 2733 feremus,

102 2756 285 2826 dummodo
302 2760 425 2828 reddat
441 2781 539 2826 earn:
564 2783 676 2850 neque
693 2764 785 2830 eninr
801 2765 975 2851 praedone
994 2762 1114 2828 marito

102 2862 167 2930 filia
182 2866 293 2956 digna
309 2877 369 2932 tua
385 2878 489 2935 est-
500 2867 528 2934 si
541 2868 614 2957 jam
631 2890 709 2935 mea
724 2869 796 2934 filia
811 2891 881 2935 non
897 2868 968 2935 est?

138 2973 298 3061 Juppiter
314 2973 460 3063 excepit,
476 2973 688 3042 ‘Commune
704 2987 755 3042 est
770 2976 898 3064 pignus
914 2994 1069 3060 onusque

102 3091 178 3146 nata
194 3081 280 3146 mihi
296 3091 431 3158 tecum3
456 3083 517 3149 sed
533 3082 561 3149 si
579 3083 682 3148 modo
698 3081 838 3149 nomina
854 3082 957 3148 rebus

104 3187 226 3254 addere
242 3209 325 3253 vera
342 3188 468 3274 placet,
485 3211 554 3256 non
572 3191 639 3257 hoc
655 3189 779 3278 injuria
796 3188 938 3263 sactum,
1098 3217 1149 3274 525

102 3311 217 3360 verum
234 3314 334 3360 amor
350 3306 412 3360 est.
459 3294 583 3384 Neque
599 3297 663 3362 erit
679 3294 778 3363 nobis
794 3315 903 3383 gener
918 3293 976 3359 ille
992 3293 1128 3379 pudori,

103 3408 134 3463 tu
149 3401 267 3488 modo,
285 3399 378 3476 diva,
394 3401 493 3467 velis.
542 3401 590 3467 Ut
606 3402 718 3468 desint
734 3413 861 3476 cetera,
879 3411 1045 3486 quantum
1062 3409 1114 3463 est

103 3525 171 3571 esse
183 3504 285 3592 Jovis
300 3505 460 3572 fratremi
487 3507 583 3593 Quid
599 3509 692 3594 quod
708 3528 774 3572 nec
791 3518 905 3574 cetera
921 3505 1058 3580 desunt,

103 3633 161 3678 nec
177 3610 270 3678 cedit
285 3611 350 3676 nisi
367 3623 455 3678 sorte
472 3584 574 3678 mihi?
617 3611 688 3679 Sed
705 3624 798 3678 tanta
815 3611 941 3696 cupido

102 3717 125 3782 si
140 3718 201 3783 tibi
220 3715 354 3783 discidii
371 3728 433 3793 est,
451 3728 580 3803 repetet
596 3717 804 3799 Proserpina
820 3716 969 3786 caelum,
1063 3778 1066 3783 ,
1099 3739 1150 3790 530

101 3824 176 3878 lene
192 3833 311 3878 tamen
329 3833 434 3878 certa.
453 3823 479 3878 si
497 3821 610 3878 nullos
628 3818 770 3878 conticit
785 3817 857 3876 illic
