2709 4325
158 211 214 303 98,
449 213 608 301 Orpheus
631 214 706 279 und
725 213 926 301 Eurydica
1070 224 1225 305 [Meum

161 407 272 473 exitus
289 407 442 498 auspicio
459 410 618 496 gravior;
643 413 725 474 n'am
741 421 861 495 nupta,
878 431 942 496 per
956 411 1082 477 herbas

162 517 244 580 dum
261 535 349 580 nova
367 516 531 578 naiadum
548 516 646 580 turba
665 518 825 581 comitata
840 516 1022 603 vagatum}

162 621 298 694 occidit,
317 621 352 684 in
369 621 475 684 talum
494 622 659 706 serpentis
676 623 779 686 dente
795 632 947 706 recepto.
1186 654 1219 694 10

209 726 325 810 Quam
343 725 424 791 satis
440 727 485 791 ad
503 743 645 812 superas
662 728 1088 814 postquamRhodopeius
1105 750 1210 794 auras

162 833 301 899 deflevit
315 844 423 910 vates,
443 853 487 896 ne
503 854 572 897 non
589 842 773 918 temptaret
788 845 821 899 et
836 835 989 912 umbras,
1145 913 1148 916 ἦ

164 940 207 1005 ad
225 939 337 1027 Styga
354 938 528 1003 Taenaria
546 949 596 1003 est
613 960 717 1004 ausus
735 940 943 1006 descendere
961 953 1080 1026 porta3

162 1067 290 1132 perque
308 1047 401 1110 leves
418 1046 562 1131 populos
579 1045 832 1133 simulacraque
849 1046 966 1112 functa
981 1049 1141 1133 sepulcro

162 1151 407 1236 Persephonen
425 1151 520 1226 adiit,
538 1151 791 1238 inamoenaque
806 1173 917 1240 regna
932 1164 1104 1220 tenentem
1186 1183 1218 1240 ις

162 1259 360 1322 umbrarum
379 1254 569 1322 dominum.
618 1256 801 1343 Pulsisque
817 1259 863 1324 'ad
880 1259 1035 1324 carmina
1050 1259 1166 1326 nervis

163 1363 213 1428 sic
230 1363 295 1427 ait:
322 1363 377 1428 ‘O
395 1364 494 1449 positi
511 1364 573 1429 sub
590 1375 678 1428 terra
696 1365 839 1428 numina
856 1364 988 1440 mundi,

162 1469 197 1534 in
214 1491 315 1556 quem
332 1471 528 1546 recidimus,
547 1469 709 1556 quicquid
728 1470 869 1534 mortale
885 1491 1064 1546 creamur3

162 1576 298 1651 silicet,
318 1587 351 1640 et
368 1576 443 1642 salsi
460 1575 578 1662 positis
595 1574 799 1663 ambagibus
815 1575 885 1640 oris
955 1595 958 1599 ·

161 1703 244 1746 vera
261 1682 353 1768 loqui
371 1683 490 1757 sinitis,
509 1703 578 1747 non
595 1683 676 1758 huc,
694 1692 731 1747 ut
746 1701 857 1766 opaca
873 1681 1027 1747 viderem
1183 1713 1220 1758 20

162 1787 323 1862 Tartara,
342 1788 601 1868 descendi‚-nec
617 1790 664 1853 uti
682 1787 802 1853 uillosa
819 1787 970 1854 colubris

162 1906 258 1958 terna
275 1894 456 1960 Medusaei
474 1895 638 1961 vincirem
656 1880 793 1983 guttura
810 1883 963 1961 monstri.
986 1884 990 1889 η
1065 1884 1068 1890 ’

162 2021 268 2064 causa
285 2001 360 2066 viae
378 2001 542 2090 conjunx,
560 2002 596 2064 in
613 2023 718 2088 quam
734 2003 867 2067 calcata
882 2023 1057 2067 venenum

161 2106 279 2191 vipera
296 2107 442 2183 diffudit,
462 2118 724 2195 crescentesque
740 2108 879 2174 abstulit
893 2129 1016 2175 annos.

162 2234 263 2301 posse
280 2212 350 2299 pati
367 2212 472 2288 volui,
491 2236 556 2279 nec
574 2236 630 2279 me
644 2226 829 2300 temptasse
845 2218 1005 2305 negabo:
1182 2248 1217 2304 25

161 2320 242 2385 vicit
258 2318 379 2384 Amor.
429 2319 564 2405 Supera
582 2320 666 2385 deus
683 2322 739 2387 hic
755 2323 844 2386 bene
861 2334 959 2388 notus
978 2322 1013 2388 in
1029 2344 1090 2390 ora
1107 2336 1180 2390 est:

20 2432 23 2438 ⁴
108 2464 136 2490 -s
163 2447 206 2490 an
224 2426 266 2491 sit
282 2426 400 2501 ethic,
419 2426 547 2502 dubito,
567 2429 627 2493 sed
644 2438 677 2492 et
693 2427 749 2493 hic
765 2438 882 2493 tamen
900 2449 1051 2517 auguror
1067 2452 1157 2499 esse.

161 2533 321 2619 famaque
338 2533 366 2598 si
382 2534 505 2599 veteris
522 2555 590 2605 non
607 2544 658 2599 est
674 2535 815 2599 mentita
831 2535 988 2622 rapinae,

160 2661 223 2705 vos
247 2661 383 2726 quoque
411 2640 524 2727 junxit
546 2636 663 2704 Amor.
709 2639 778 2707 Per
804 2663 871 2729 ego
894 2644 982 2708 haec
1007 2644 1087 2710 loca
1110 2645 1217 2731 plena

295 2745 440 2821 timoriS,

161 2873 224 2937 per
239 2852 356 2919 Chaos
374 2853 440 2917 hoc
457 2853 599 2939 ingens‚'
610 2854 768 2943 vastique
784 2854 919 2923 silentia
935 2855 1049 2947 regni,
1181 2892 1218 2946 30

162 2955 366 3042 Eurydices,
384 2978 456 3031 oro,
476 2968 657 3042 properata
674 2960 816 3043 retexite
833 2962 916 3027 fata.

161 3062 277 3126 omnia
294 3063 458 3128 debemur
472 3064 582 3140 vobis,
601 3050 812 3155 paulumque
829 3068 952 3135 morati

162 3168 270 3233 serius
288 3153 345 3232 aut
361 3168 459 3233 citius
476 3170 593 3235 sedem
610 3193 836 3257 properamus
853 3176 897 3239 ad
914 3188 1033 3242 unam.

160 3274 332 3341 tendimus
349 3274 417 3341 huc
433 3296 566 3352 omnes,
586 3279 673 3345 haec
689 3290 741 3345 est
755 3282 880 3349 domus
895 3283 1036 3356 ultima;
1061 3302 1194 3369 vosque

162 3382 301 3444 humani
320 3382 457 3468 generis
474 3384 676 3471 longissima
693 3408 803 3474 regna
819 3389 954 3454 tenetis.
1183 3419 1217 3476 35

162 3485 249 3547 haec
265 3505 413 3571 quoque,
433 3507 510 3551 curn
524 3488 634 3575 justos
651 3480 785 3555 matura
800 3491 972 3581 peregerit
988 3513 1112 3567 annos,

160 3590 245 3677 juris
261 3590 324 3655 erit
339 3593 453 3659 vestri.
504 3593 572 3665 Pro
589 3617 731 3665 munere
748 3598 922 3683 poscimus
938 3620 1051 3663 usum.
1081 3675 1084 3679 ι

160 3697 252 3781 quod
270 3696 298 3761 si
314 3698 384 3763 fata
401 3711 531 3787 negant
546 3701 683 3772 veniam
700 3724 762 3787 pro
779 3704 941 3792 conjuge,
960 3717 1090 3773 certum
1108 3714 1160 3770 est

161 3804 252 3867 nolle
269 3805 381 3871 redire
398 3806 503 3870 mihis
528 3808 595 3872 leto
611 3810 760 3895 gaudete
775 3809 948 3877 duorum.'

205 3910 309 3977 Talia
326 3912 497 3990 dicentem
513 3935 704 4003 nervosque
721 3916 766 3983 ad
781 3918 889 4009 verba
905 3928 1099 3994 moventem
1181 3950 1223 4003 40
