<?xml version="1.0" encoding="UTF-8"?>
<!DOCTYPE html PUBLIC "-//W3C//DTD XHTML 1.0 Transitional//EN"
    "http://www.w3.org/TR/xhtml1/DTD/xhtml1-transitional.dtd">
<html xmlns="http://www.w3.org/1999/xhtml" xml:lang="en" lang="en">
 <head>
  <title>
</title>
<meta http-equiv="Content-Type" content="text/html;charset=utf-8" />
  <meta name='ocr-system' content='tesseract 3.04.00' />
  <meta name='ocr-capabilities' content='ocr_page ocr_carea ocr_par ocr_line ocrx_word'/>
</head>
<body>
  <div class='ocr_page' id='page_1' title='image "./publiovidiinaso01allegoog_0150.png"; bbox 0 0 2709 4325; ppageno 0'>
   <div class='ocr_carea' id='block_1_1' title="bbox 195 256 1249 350">
    <p class='ocr_par' dir='ltr' id='par_1_1' title="bbox 195 200 1249 350">
     <span class='ocr_line' id='line_1_1' title="bbox 195 256 1249 350; baseline 0.005 -23"><span class='ocrx_word' id='word_1_1' title='bbox 195 279 260 350; x_wconf 87' lang='lat'><strong>134</strong></span> <span class='ocrx_word' id='word_1_2' title='bbox 499 258 579 326; x_wconf 78' lang='lat' dir='ltr'><strong>-Tha</strong></span> <span class='ocrx_word' id='word_1_3' title='bbox 609 256 695 324; x_wconf 85' lang='lat' dir='ltr'><em>Tale</em></span> <span class='ocrx_word' id='word_1_4' title='bbox 717 259 766 343; x_wconf 90' lang='lat' dir='ltr'><strong>af</strong></span> <span class='ocrx_word' id='word_1_5' title='bbox 784 256 946 324; x_wconf 76' lang='lat' dir='ltr'><em>Galatea.</em></span> <span class='ocrx_word' id='word_1_6' title='bbox 1100 271 1249 347; x_wconf 68' lang='lat' dir='ltr'><strong>[Mareu.</strong></span> 
     </span>
    </p>
   </div>
   <div class='ocr_carea' id='block_1_2' title="bbox 193 456 1237 962">
    <p class='ocr_par' dir='ltr' id='par_1_2' title="bbox 193 456 1216 759">
     <span class='ocr_line' id='line_1_2' title="bbox 194 456 1179 544; baseline -0.002 -20"><span class='ocrx_word' id='word_1_7' title='bbox 194 459 296 533; x_wconf 89' lang='lat' dir='ltr'><strong>adde,</strong></span> <span class='ocrx_word' id='word_1_8' title='bbox 314 456 406 544; x_wconf 90' lang='lat' dir='ltr'><strong>quod</strong></span> <span class='ocrx_word' id='word_1_9' title='bbox 424 456 458 522; x_wconf 93' lang='lat' dir='ltr'><strong>in</strong></span> <span class='ocrx_word' id='word_1_10' title='bbox 475 467 587 522; x_wconf 89' lang='lat' dir='ltr'><strong>vestro</strong></span> <span class='ocrx_word' id='word_1_11' title='bbox 604 456 740 544; x_wconf 84' lang='lat' dir='ltr'><strong>genitor</strong></span> <span class='ocrx_word' id='word_1_12' title='bbox 755 476 854 520; x_wconf 90' lang='lat' dir='ltr'><strong>meus</strong></span> <span class='ocrx_word' id='word_1_13' title='bbox 869 458 1019 541; x_wconf 83' lang='lat' dir='ltr'><strong>aequore</strong></span> <span class='ocrx_word' id='word_1_14' title='bbox 1035 466 1179 542; x_wconf 84' lang='lat' dir='ltr'><strong>regnat:</strong></span> 
     </span>
     <span class='ocr_line' id='line_1_3' title="bbox 193 561 1216 648; baseline -0.003 -18"><span class='ocrx_word' id='word_1_15' title='bbox 193 567 286 630; x_wconf 91' lang='lat' dir='ltr'><strong>hunc</strong></span> <span class='ocrx_word' id='word_1_16' title='bbox 301 563 361 630; x_wconf 90' lang='lat' dir='ltr'><strong>tibi</strong></span> <span class='ocrx_word' id='word_1_17' title='bbox 378 564 423 629; x_wconf 93' lang='lat' dir='ltr'><strong>do</strong></span> <span class='ocrx_word' id='word_1_18' title='bbox 440 585 611 630; x_wconf 81' lang='lat' dir='ltr'><strong>socerum·</strong></span> <span class='ocrx_word' id='word_1_19' title='bbox 658 563 812 626; x_wconf 90' lang='lat' dir='ltr'><strong>Tantum</strong></span> <span class='ocrx_word' id='word_1_20' title='bbox 830 561 1006 636; x_wconf 89' lang='lat' dir='ltr'><strong>miserere,</strong></span> <span class='ocrx_word' id='word_1_21' title='bbox 1023 582 1216 648; x_wconf 85' lang='lat' dir='ltr'>precesque</span> 
     </span>
     <span class='ocr_line' id='line_1_4' title="bbox 193 666 1061 759; baseline -0.009 -21"><span class='ocrx_word' id='word_1_22' title='bbox 193 671 357 759; x_wconf 90' lang='lat' dir='ltr'><strong>supplicis</strong></span> <span class='ocrx_word' id='word_1_23' title='bbox 374 668 514 744; x_wconf 88' lang='lat' dir='ltr'>exaudi,</span> <span class='ocrx_word' id='word_1_24' title='bbox 532 669 591 733; x_wconf 89' lang='lat' dir='ltr'><strong>tibi</strong></span> <span class='ocrx_word' id='word_1_25' title='bbox 608 669 700 733; x_wconf 92' lang='lat' dir='ltr'><strong>enim</strong></span> <span class='ocrx_word' id='word_1_26' title='bbox 717 667 972 732; x_wconf 83' lang='lat' dir='ltr'><strong>succumbimus</strong></span> <span class='ocrx_word' id='word_1_27' title='bbox 988 666 1061 731; x_wconf 89' lang='lat' dir='ltr'><strong>uni.</strong></span> 
     </span>
    </p>

    <p class='ocr_par' dir='ltr' id='par_1_3' title="bbox 194 772 1237 962">
     <span class='ocr_line' id='line_1_5' title="bbox 194 772 1237 866; baseline -0.004 -22"><span class='ocrx_word' id='word_1_28' title='bbox 194 779 320 866; x_wconf 89' lang='lat' dir='ltr'><strong>quique</strong></span> <span class='ocrx_word' id='word_1_29' title='bbox 332 778 455 864; x_wconf 91' lang='lat' dir='ltr'><strong>Jovem</strong></span> <span class='ocrx_word' id='word_1_30' title='bbox 471 785 505 839; x_wconf 91' lang='lat' dir='ltr'><strong>et</strong></span> <span class='ocrx_word' id='word_1_31' title='bbox 522 775 657 840; x_wconf 89' lang='lat' dir='ltr'><strong>caelum</strong></span> <span class='ocrx_word' id='word_1_32' title='bbox 674 795 800 859; x_wconf 90' lang='lat' dir='ltr'><strong>sperno</strong></span> <span class='ocrx_word' id='word_1_33' title='bbox 816 785 850 838; x_wconf 88' lang='lat' dir='ltr'><strong>et</strong></span> <span class='ocrx_word' id='word_1_34' title='bbox 864 772 1075 857; x_wconf 85' lang='lat' dir='ltr'>penetrabile</span> <span class='ocrx_word' id='word_1_35' title='bbox 1091 772 1237 851; x_wconf 83' lang='lat' dir='ltr'><strong>fulmen,</strong></span> 
     </span>
     <span class='ocr_line' id='line_1_6' title="bbox 194 878 1202 962; baseline -0.008 -11"><span class='ocrx_word' id='word_1_36' title='bbox 194 885 315 962; x_wconf 87' lang='lat' dir='ltr'><strong>Nerei,</strong></span> <span class='ocrx_word' id='word_1_37' title='bbox 332 896 521 951; x_wconf 72' lang='lat' dir='ltr'><strong>revereor:</strong></span> <span class='ocrx_word' id='word_1_38' title='bbox 547 893 606 946; x_wconf 90' lang='lat' dir='ltr'><strong>tua</strong></span> <span class='ocrx_word' id='word_1_39' title='bbox 623 879 918 959; x_wconf 84' lang='lat' dir='ltr'><strong>fulmine-saevior</strong></span> <span class='ocrx_word' id='word_1_40' title='bbox 933 878 986 944; x_wconf 85' lang='lat' dir='ltr'><strong>ira</strong></span> <span class='ocrx_word' id='word_1_41' title='bbox 1001 889 1063 944; x_wconf 86' lang='lat' dir='ltr'><strong>est.</strong></span> <span class='ocrx_word' id='word_1_42' title='bbox 1136 918 1141 924; x_wconf 89' lang='lat'><strong>·</strong></span> <span class='ocrx_word' id='word_1_43' title='bbox 1177 907 1182 916; x_wconf 58' lang='lat'><strong><em>¹</em></strong></span> <span class='ocrx_word' id='word_1_44' title='bbox 1199 910 1202 915; x_wconf 47' lang='lat'><strong>⁴</strong></span> 
     </span>
    </p>
   </div>
   <div class='ocr_carea' id='block_1_3' title="bbox 88 985 1241 1079">
    <p class='ocr_par' dir='ltr' id='par_1_4' title="bbox 88 985 1241 1079">
     <span class='ocr_line' id='line_1_7' title="bbox 88 985 1241 1079; baseline 0.003 -29"><span class='ocrx_word' id='word_1_45' title='bbox 88 1041 109 1050; x_wconf 92' lang='lat'><strong>..</strong></span> <span class='ocrx_word' id='word_1_46' title='bbox 187 1021 215 1034; x_wconf 58' lang='lat'><em>„</em></span> <span class='ocrx_word' id='word_1_47' title='bbox 241 1003 250 1033; x_wconf 87' lang='lat'>‘</span> <span class='ocrx_word' id='word_1_48' title='bbox 269 991 380 1079; x_wconf 88' lang='lat' dir='ltr'><strong>Atque</strong></span> <span class='ocrx_word' id='word_1_49' title='bbox 396 1012 462 1078; x_wconf 87' lang='lat' dir='ltr'><strong>ego</strong></span> <span class='ocrx_word' id='word_1_50' title='bbox 479 998 696 1073; x_wconf 88' lang='lat' dir='ltr'><strong>contemptus</strong></span> <span class='ocrx_word' id='word_1_51' title='bbox 711 1007 825 1051; x_wconf 87' lang='lat' dir='ltr'><strong>essem</strong></span> <span class='ocrx_word' id='word_1_52' title='bbox 842 985 1023 1071; x_wconf 82' lang='lat' dir='ltr'><strong>patientior</strong></span> <span class='ocrx_word' id='word_1_53' title='bbox 1040 986 1155 1076; x_wconf 84' lang='lat' dir='ltr'><strong>hujus,</strong></span> <span class='ocrx_word' id='word_1_54' title='bbox 1237 1069 1241 1074; x_wconf 87' lang='lat'><em>.</em></span> 
     </span>
    </p>
   </div>
   <div class='ocr_carea' id='block_1_4' title="bbox 102 1090 1354 4065">
    <p class='ocr_par' dir='ltr' id='par_1_5' title="bbox 193 1090 1251 2147">
     <span class='ocr_line' id='line_1_8' title="bbox 193 1090 1251 1187; baseline -0.007 -23"><span class='ocrx_word' id='word_1_55' title='bbox 193 1099 222 1164; x_wconf 92' lang='lat' dir='ltr'><strong>si</strong></span> <span class='ocrx_word' id='word_1_56' title='bbox 240 1100 377 1187; x_wconf 88' lang='lat' dir='ltr'><strong>sugeres</strong></span> <span class='ocrx_word' id='word_1_57' title='bbox 393 1115 524 1164; x_wconf 89' lang='lat' dir='ltr'><strong>omnes.</strong></span> <span class='ocrx_word' id='word_1_58' title='bbox 574 1093 646 1160; x_wconf 86' lang='lat' dir='ltr'><strong>Sed</strong></span> <span class='ocrx_word' id='word_1_59' title='bbox 663 1114 725 1158; x_wconf 91' lang='lat' dir='ltr'><strong>cur</strong></span> <span class='ocrx_word' id='word_1_60' title='bbox 741 1090 898 1178; x_wconf 89' lang='lat' dir='ltr'><strong>Cyclope</strong></span> <span class='ocrx_word' id='word_1_61' title='bbox 914 1093 1053 1178; x_wconf 84' lang='lat' dir='ltr'><strong>repulsd</strong></span> <span class='ocrx_word' id='word_1_62' title='bbox 1196 1113 1251 1168; x_wconf 87' lang='lat'><strong>860</strong></span> 
     </span>
     <span class='ocr_line' id='line_1_9' title="bbox 194 1191 1136 1290; baseline -0.004 -20"><span class='ocrx_word' id='word_1_63' title='bbox 194 1204 285 1270; x_wconf 87' lang='lat' dir='ltr'><strong>Acin</strong></span> <span class='ocrx_word' id='word_1_64' title='bbox 302 1203 420 1270; x_wconf 85' lang='lat' dir='ltr'><strong>amas?</strong></span> <span class='ocrx_word' id='word_1_65' title='bbox 445 1202 665 1290; x_wconf 84' lang='lat' dir='ltr'><strong>praefersque</strong></span> <span class='ocrx_word' id='word_1_66' title='bbox 683 1199 769 1264; x_wconf 89' lang='lat' dir='ltr'><strong>meis</strong></span> <span class='ocrx_word' id='word_1_67' title='bbox 786 1191 1003 1284; x_wconf 85' lang='lat' dir='ltr'><strong>amplexibus</strong></span> <span class='ocrx_word' id='word_1_68' title='bbox 1019 1198 1136 1266; x_wconf 81' lang='lat' dir='ltr'><strong>Acin?</strong></span> 
     </span>
     <span class='ocr_line' id='line_1_10' title="bbox 193 1305 1064 1396; baseline -0.005 -20"><span class='ocrx_word' id='word_1_69' title='bbox 193 1311 251 1376; x_wconf 90' lang='lat' dir='ltr'><strong>ille</strong></span> <span class='ocrx_word' id='word_1_70' title='bbox 269 1321 382 1375; x_wconf 88' lang='lat' dir='ltr'><strong>tamen</strong></span> <span class='ocrx_word' id='word_1_71' title='bbox 400 1312 601 1396; x_wconf 88' lang='lat' dir='ltr'><strong>placeatque</strong></span> <span class='ocrx_word' id='word_1_72' title='bbox 618 1307 696 1383; x_wconf 92' lang='lat' dir='ltr'><strong>sibi,</strong></span> <span class='ocrx_word' id='word_1_73' title='bbox 715 1306 920 1393; x_wconf 87' lang='lat' dir='ltr'><strong>placeatque</strong></span> <span class='ocrx_word' id='word_1_74' title='bbox 936 1305 1064 1382; x_wconf 85' lang='lat' dir='ltr'><strong>licebit,</strong></span> 
     </span>
     <span class='ocr_line' id='line_1_11' title="bbox 194 1412 1120 1504; baseline -0.002 -22"><span class='ocrx_word' id='word_1_75' title='bbox 194 1419 286 1504; x_wconf 92' lang='lat' dir='ltr'><strong>quod</strong></span> <span class='ocrx_word' id='word_1_76' title='bbox 301 1417 440 1493; x_wconf 90' lang='lat' dir='ltr'><strong>nollem,</strong></span> <span class='ocrx_word' id='word_1_77' title='bbox 460 1416 619 1492; x_wconf 89' lang='lat' dir='ltr'><strong>Galatea,</strong></span> <span class='ocrx_word' id='word_1_78' title='bbox 637 1415 711 1479; x_wconf 90' lang='lat' dir='ltr'><strong>tibi.</strong></span> <span class='ocrx_word' id='word_1_79' title='bbox 759 1412 868 1479; x_wconf 93' lang='lat' dir='ltr'><strong>Modo</strong></span> <span class='ocrx_word' id='word_1_80' title='bbox 884 1414 985 1500; x_wconf 90' lang='lat' dir='ltr'><strong>copia</strong></span> <span class='ocrx_word' id='word_1_81' title='bbox 1000 1413 1120 1480; x_wconf 78' lang='lat' dir='ltr'><strong>deutri</strong></span> 
     </span>
     <span class='ocr_line' id='line_1_12' title="bbox 194 1520 981 1609; baseline -0.004 -18"><span class='ocrx_word' id='word_1_82' title='bbox 194 1525 314 1594; x_wconf 84' lang='lat' dir='ltr'><strong>sentiet</strong></span> <span class='ocrx_word' id='word_1_83' title='bbox 331 1546 405 1590; x_wconf 89' lang='lat' dir='ltr'><strong>esse</strong></span> <span class='ocrx_word' id='word_1_84' title='bbox 423 1524 505 1588; x_wconf 91' lang='lat' dir='ltr'><strong>mihi</strong></span> <span class='ocrx_word' id='word_1_85' title='bbox 522 1534 615 1588; x_wconf 89' lang='lat' dir='ltr'><strong>tanto</strong></span> <span class='ocrx_word' id='word_1_86' title='bbox 632 1543 694 1609; x_wconf 88' lang='lat' dir='ltr'><strong>pro</strong></span> <span class='ocrx_word' id='word_1_87' title='bbox 711 1520 855 1608; x_wconf 89' lang='lat' dir='ltr'><strong>corpore</strong></span> <span class='ocrx_word' id='word_1_88' title='bbox 870 1521 981 1588; x_wconf 87' lang='lat' dir='ltr'><strong>vires:</strong></span> 
     </span>
     <span class='ocr_line' id='line_1_13' title="bbox 193 1631 1188 1720; baseline -0.002 -22"><span class='ocrx_word' id='word_1_89' title='bbox 193 1634 325 1698; x_wconf 89' lang='lat' dir='ltr'><strong>viscera</strong></span> <span class='ocrx_word' id='word_1_90' title='bbox 341 1632 419 1696; x_wconf 89' lang='lat' dir='ltr'><strong>viva</strong></span> <span class='ocrx_word' id='word_1_91' title='bbox 435 1632 581 1706; x_wconf 88' lang='lat' dir='ltr'><strong>traham,</strong></span> <span class='ocrx_word' id='word_1_92' title='bbox 600 1631 804 1716; x_wconf 87' lang='lat' dir='ltr'><strong>divulsaque</strong></span> <span class='ocrx_word' id='word_1_93' title='bbox 821 1631 976 1696; x_wconf 89' lang='lat' dir='ltr'><strong>membra</strong></span> <span class='ocrx_word' id='word_1_94' title='bbox 992 1651 1054 1716; x_wconf 89' lang='lat' dir='ltr'><strong>per</strong></span> <span class='ocrx_word' id='word_1_95' title='bbox 1069 1651 1188 1720; x_wconf 85' lang='lat' dir='ltr'><strong>agros,</strong></span> 
     </span>
     <span class='ocr_line' id='line_1_14' title="bbox 194 1736 1206 1826; baseline -0.002 -22"><span class='ocrx_word' id='word_1_96' title='bbox 194 1761 321 1826; x_wconf 90' lang='lat' dir='ltr'><strong>perque</strong></span> <span class='ocrx_word' id='word_1_97' title='bbox 336 1749 413 1804; x_wconf 87' lang='lat' dir='ltr'><strong>tuas</strong></span> <span class='ocrx_word' id='word_1_98' title='bbox 429 1759 590 1826; x_wconf 87' lang='lat' dir='ltr'><strong>spargam</strong></span> <span class='ocrx_word' id='word_1_99' title='bbox 600 1737 705 1802; x_wconf 86' lang='lat' dir='ltr'><strong>-sic</strong></span> <span class='ocrx_word' id='word_1_100' title='bbox 722 1759 759 1802; x_wconf 92' lang='lat' dir='ltr'><strong>se</strong></span> <span class='ocrx_word' id='word_1_101' title='bbox 775 1737 836 1803; x_wconf 90' lang='lat' dir='ltr'><strong>tibi</strong></span> <span class='ocrx_word' id='word_1_102' title='bbox 853 1737 995 1804; x_wconf 89' lang='lat' dir='ltr'><strong>misceat</strong></span> <span class='ocrx_word' id='word_1_103' title='bbox 1006 1736 1206 1804; x_wconf 71' lang='lat' dir='ltr'><strong>l--und&#39;as</strong></span> 
     </span>
     <span class='ocr_line' id='line_1_15' title="bbox 193 1843 1046 1932; baseline -0.001 -22"><span class='ocrx_word' id='word_1_104' title='bbox 193 1868 273 1912; x_wconf 86' lang='lat' dir='ltr'><strong>uror</strong></span> <span class='ocrx_word' id='word_1_105' title='bbox 288 1846 393 1921; x_wconf 90' lang='lat' dir='ltr'><strong>enim,</strong></span> <span class='ocrx_word' id='word_1_106' title='bbox 411 1847 593 1932; x_wconf 89' lang='lat' dir='ltr'><strong>laesusque</strong></span> <span class='ocrx_word' id='word_1_107' title='bbox 609 1855 789 1910; x_wconf 88' lang='lat' dir='ltr'><strong>exaestuat</strong></span> <span class='ocrx_word' id='word_1_108' title='bbox 806 1844 918 1910; x_wconf 87' lang='lat' dir='ltr'><strong>acrius</strong></span> <span class='ocrx_word' id='word_1_109' title='bbox 932 1843 1046 1932; x_wconf 83' lang='lat' dir='ltr'><strong>ignis3</strong></span> 
     </span>
     <span class='ocr_line' id='line_1_16' title="bbox 194 1949 1090 2045; baseline -0.003 -27"><span class='ocrx_word' id='word_1_110' title='bbox 194 1974 340 2041; x_wconf 89' lang='lat' dir='ltr'><strong>cumque</strong></span> <span class='ocrx_word' id='word_1_111' title='bbox 356 1953 426 2045; x_wconf 83' lang='lat' dir='ltr'><strong>suis</strong></span> <span class='ocrx_word' id='word_1_112' title='bbox 442 1953 560 2017; x_wconf 89' lang='lat' dir='ltr'><strong>videor</strong></span> <span class='ocrx_word' id='word_1_113' title='bbox 575 1953 776 2017; x_wconf 88' lang='lat' dir='ltr'><strong>translatam</strong></span> <span class='ocrx_word' id='word_1_114' title='bbox 793 1952 922 2016; x_wconf 86' lang='lat' dir='ltr'><strong>viribus</strong></span> <span class='ocrx_word' id='word_1_115' title='bbox 937 1949 1090 2016; x_wconf 91' lang='lat' dir='ltr'><strong>Aetnam</strong></span> 
     </span>
     <span class='ocr_line' id='line_1_17' title="bbox 193 2054 1071 2147; baseline -0.001 -22"><span class='ocrx_word' id='word_1_116' title='bbox 193 2070 329 2147; x_wconf 88' lang='lat' dir='ltr'><strong>pectore</strong></span> <span class='ocrx_word' id='word_1_117' title='bbox 346 2060 434 2124; x_wconf 83' lang='lat' dir='ltr'><strong>ferre</strong></span> <span class='ocrx_word' id='word_1_118' title='bbox 451 2079 548 2123; x_wconf 89' lang='lat' dir='ltr'><strong>meo:</strong></span> <span class='ocrx_word' id='word_1_119' title='bbox 572 2080 638 2123; x_wconf 91' lang='lat' dir='ltr'><strong>nec</strong></span> <span class='ocrx_word' id='word_1_120' title='bbox 653 2054 712 2134; x_wconf 66' lang='grc' dir='ltr'><strong>ῒιι,ς</strong></span> <span class='ocrx_word' id='word_1_121' title='bbox 722 2057 882 2134; x_wconf 87' lang='lat' dir='ltr'><strong>Galatea,</strong></span> <span class='ocrx_word' id='word_1_122' title='bbox 900 2058 1071 2124; x_wconf 68' lang='lat' dir='ltr'><strong>moveris?</strong></span> 
     </span>
    </p>

    <p class='ocr_par' dir='ltr' id='par_1_6' title="bbox 102 2155 1250 3746">
     <span class='ocr_line' id='line_1_18' title="bbox 236 2155 1250 2254; baseline 0 -22"><span class='ocrx_word' id='word_1_123' title='bbox 236 2168 337 2233; x_wconf 89' lang='lat' dir='ltr'><strong>Talia</strong></span> <span class='ocrx_word' id='word_1_124' title='bbox 356 2167 562 2254; x_wconf 89' lang='lat' dir='ltr'><strong>nequiquam</strong></span> <span class='ocrx_word' id='word_1_125' title='bbox 580 2177 778 2253; x_wconf 81' lang='lat' dir='ltr'><strong>questus-</strong></span> <span class='ocrx_word' id='word_1_126' title='bbox 791 2188 873 2249; x_wconf 77' lang='lat' dir='ltr'><strong>nam</strong></span> <span class='ocrx_word' id='word_1_127' title='bbox 892 2178 1015 2232; x_wconf 88' lang='lat' dir='ltr'><strong>cuncta</strong></span> <span class='ocrx_word' id='word_1_128' title='bbox 1030 2155 1250 2232; x_wconf 65' lang='lat' dir='ltr'><strong>videbam÷</strong></span> 
     </span>
     <span class='ocr_line' id='line_1_19' title="bbox 194 2267 1086 2362; baseline -0.002 -23"><span class='ocrx_word' id='word_1_129' title='bbox 194 2274 314 2362; x_wconf 87' lang='lat' dir='ltr'><strong>surgit,</strong></span> <span class='ocrx_word' id='word_1_130' title='bbox 333 2284 365 2339; x_wconf 91' lang='lat' dir='ltr'><strong>et</strong></span> <span class='ocrx_word' id='word_1_131' title='bbox 380 2284 419 2338; x_wconf 91' lang='lat' dir='ltr'><strong>ut</strong></span> <span class='ocrx_word' id='word_1_132' title='bbox 433 2286 548 2337; x_wconf 89' lang='lat' dir='ltr'><strong>taurus</strong></span> <span class='ocrx_word' id='word_1_133' title='bbox 564 2292 673 2338; x_wconf 91' lang='lat' dir='ltr'><strong>vacca</strong></span> <span class='ocrx_word' id='word_1_134' title='bbox 689 2272 894 2338; x_wconf 83' lang='lat' dir='ltr'><strong>furibundus</strong></span> <span class='ocrx_word' id='word_1_135' title='bbox 911 2267 1086 2358; x_wconf 86' lang='lat' dir='ltr'><strong>adempta,</strong></span> 
     </span>
     <span class='ocr_line' id='line_1_20' title="bbox 102 2370 1133 2467; baseline 0.001 -26"><span class='ocrx_word' id='word_1_136' title='bbox 102 2433 106 2441; x_wconf 94' lang='lat'>.</span> <span class='ocrx_word' id='word_1_137' title='bbox 194 2393 282 2446; x_wconf 90' lang='lat' dir='ltr'><strong>stare</strong></span> <span class='ocrx_word' id='word_1_138' title='bbox 299 2380 427 2467; x_wconf 91' lang='lat' dir='ltr'><strong>nequit,</strong></span> <span class='ocrx_word' id='word_1_139' title='bbox 446 2380 599 2467; x_wconf 88' lang='lat' dir='ltr'><strong>silvaque</strong></span> <span class='ocrx_word' id='word_1_140' title='bbox 616 2389 654 2445; x_wconf 88' lang='lat' dir='ltr'><strong>et&#39;</strong></span> <span class='ocrx_word' id='word_1_141' title='bbox 665 2380 754 2445; x_wconf 88' lang='lat' dir='ltr'><strong>notis</strong></span> <span class='ocrx_word' id='word_1_142' title='bbox 771 2372 914 2445; x_wconf 87' lang='lat' dir='ltr'><strong>saltibus</strong></span> <span class='ocrx_word' id='word_1_143' title='bbox 931 2370 1043 2445; x_wconf 77' lang='lat' dir='ltr'><strong>errat:</strong></span> <span class='ocrx_word' id='word_1_144' title='bbox 1128 2374 1133 2381; x_wconf 77' lang='grc'><strong><em>’</em></strong></span> 
     </span>
     <span class='ocr_line' id='line_1_21' title="bbox 193 2486 1103 2575; baseline 0 -23"><span class='ocrx_word' id='word_1_145' title='bbox 193 2508 270 2552; x_wconf 91' lang='lat' dir='ltr'><strong>curn</strong></span> <span class='ocrx_word' id='word_1_146' title='bbox 288 2486 378 2552; x_wconf 81' lang='lat' dir='ltr'><strong>ierus</strong></span> <span class='ocrx_word' id='word_1_147' title='bbox 394 2486 546 2575; x_wconf 86' lang='lat' dir='ltr'><strong>ignaros,</strong></span> <span class='ocrx_word' id='word_1_148' title='bbox 565 2508 630 2551; x_wconf 90' lang='lat' dir='ltr'><strong>nec</strong></span> <span class='ocrx_word' id='word_1_149' title='bbox 646 2487 833 2573; x_wconf 90' lang='lat' dir='ltr'><strong>quicquam</strong></span> <span class='ocrx_word' id='word_1_150' title='bbox 848 2487 916 2570; x_wconf 78' lang='lat' dir='ltr'><strong>tale</strong></span> <span class='ocrx_word' id='word_1_151' title='bbox 931 2486 1103 2562; x_wconf 88' lang='lat' dir='ltr'><strong>timentes,</strong></span> 
     </span>
     <span class='ocr_line' id='line_1_22' title="bbox 193 2591 1238 2680; baseline 0.003 -23"><span class='ocrx_word' id='word_1_152' title='bbox 193 2614 248 2659; x_wconf 90' lang='lat' dir='ltr'><strong>me</strong></span> <span class='ocrx_word' id='word_1_153' title='bbox 264 2593 357 2660; x_wconf 89' lang='lat' dir='ltr'><strong>videt</strong></span> <span class='ocrx_word' id='word_1_154' title='bbox 371 2605 472 2680; x_wconf 90' lang='lat' dir='ltr'><strong>atque</strong></span> <span class='ocrx_word' id='word_1_155' title='bbox 490 2591 602 2667; x_wconf 91' lang='lat' dir='ltr'><strong>Acin;</strong></span> <span class='ocrx_word' id='word_1_156' title='bbox 629 2592 787 2658; x_wconf 87' lang='lat' dir='ltr'><strong>‘Video&#39;</strong></span> <span class='ocrx_word' id='word_1_157' title='bbox 803 2614 870 2679; x_wconf 91' lang='lat' dir='ltr'><strong>que</strong></span> <span class='ocrx_word' id='word_1_158' title='bbox 886 2594 1061 2659; x_wconf 84' lang='lat' dir='ltr'><strong>exclamat</strong></span> <span class='ocrx_word' id='word_1_159' title='bbox 1077 2604 1088 2633; x_wconf 79' lang='lat'><strong><em>⁴</em></strong></span> <span class='ocrx_word' id='word_1_160' title='bbox 1102 2602 1138 2658; x_wconf 90' lang='lat' dir='ltr'><strong>et</strong></span> <span class='ocrx_word' id='word_1_161' title='bbox 1152 2592 1220 2657; x_wconf 88' lang='lat' dir='ltr'><strong>ista</strong></span> <span class='ocrx_word' id='word_1_162' title='bbox 1236 2653 1238 2660; x_wconf 93' lang='lat'><em>.</em></span> 
     </span>
     <span class='ocr_line' id='line_1_23' title="bbox 191 2691 1247 2784; baseline -0.003 -17"><span class='ocrx_word' id='word_1_163' title='bbox 191 2702 311 2767; x_wconf 89' lang='lat' dir='ltr'><strong>ultima</strong></span> <span class='ocrx_word' id='word_1_164' title='bbox 328 2700 382 2776; x_wconf 90' lang='lat' dir='ltr'><strong>sit,</strong></span> <span class='ocrx_word' id='word_1_165' title='bbox 399 2700 538 2777; x_wconf 83' lang='lat' dir='ltr'><strong>faciam,</strong></span> <span class='ocrx_word' id='word_1_166' title='bbox 556 2693 691 2765; x_wconf 88' lang='lat' dir='ltr'><strong>veneris</strong></span> <span class='ocrx_word' id='word_1_167' title='bbox 709 2691 894 2765; x_wconf 78' lang='lat' dir='ltr'><strong>eoncordia</strong></span> <span class='ocrx_word' id='word_1_168' title='bbox 910 2699 1069 2765; x_wconf 87' lang='lat' dir='ltr'><strong>vestrae.’</strong></span> <span class='ocrx_word' id='word_1_169' title='bbox 1141 2692 1146 2699; x_wconf 72' lang='grc'><strong><em>’</em></strong></span> <span class='ocrx_word' id='word_1_170' title='bbox 1189 2716 1247 2784; x_wconf 79' lang='lat'>&#39;875</span> 
     </span>
     <span class='ocr_line' id='line_1_24' title="bbox 192 2804 1071 2896; baseline -0.001 -23"><span class='ocrx_word' id='word_1_171' title='bbox 192 2818 352 2896; x_wconf 87' lang='lat' dir='ltr'><strong>tantaque</strong></span> <span class='ocrx_word' id='word_1_172' title='bbox 369 2804 450 2884; x_wconf 88' lang='lat' dir='ltr'><strong>vox,</strong></span> <span class='ocrx_word' id='word_1_173' title='bbox 468 2818 630 2895; x_wconf 89' lang='lat' dir='ltr'><strong>quantam</strong></span> <span class='ocrx_word' id='word_1_174' title='bbox 648 2806 925 2894; x_wconf 85' lang='lat' dir='ltr'><strong>Cyclopsiratus</strong></span> <span class='ocrx_word' id='word_1_175' title='bbox 938 2808 1071 2872; x_wconf 87' lang='lat' dir='ltr'><strong>habere</strong></span> 
     </span>
     <span class='ocr_line' id='line_1_25' title="bbox 193 2911 1053 2999; baseline -0.001 -19"><span class='ocrx_word' id='word_1_176' title='bbox 193 2915 321 2991; x_wconf 91' lang='lat' dir='ltr'><strong>debuit,</strong></span> <span class='ocrx_word' id='word_1_177' title='bbox 339 2914 399 2979; x_wconf 89' lang='lat' dir='ltr'><strong>illa</strong></span> <span class='ocrx_word' id='word_1_178' title='bbox 415 2913 489 2979; x_wconf 86' lang='lat' dir='ltr'><strong>suit.</strong></span> <span class='ocrx_word' id='word_1_179' title='bbox 539 2912 702 2979; x_wconf 87' lang='lat' dir='ltr'><strong>Clamore</strong></span> <span class='ocrx_word' id='word_1_180' title='bbox 718 2914 913 2999; x_wconf 82' lang='lat' dir='ltr'><strong>perhorruit</strong></span> <span class='ocrx_word' id='word_1_181' title='bbox 926 2911 1053 2989; x_wconf 87' lang='lat' dir='ltr'><strong>Aetne,</strong></span> 
     </span>
     <span class='ocr_line' id='line_1_26' title="bbox 193 3010 1069 3109; baseline -0.003 -23"><span class='ocrx_word' id='word_1_182' title='bbox 193 3032 245 3087; x_wconf 89' lang='lat' dir='ltr'><strong>ast</strong></span> <span class='ocrx_word' id='word_1_183' title='bbox 261 3042 326 3109; x_wconf 84' lang='lat' dir='ltr'><strong>ego</strong></span> <span class='ocrx_word' id='word_1_184' title='bbox 342 3021 454 3086; x_wconf 91' lang='lat' dir='ltr'><strong>vicino</strong></span> <span class='ocrx_word' id='word_1_185' title='bbox 470 3020 649 3106; x_wconf 78' lang='lat' dir='ltr'><strong>pavefacta</strong></span> <span class='ocrx_word' id='word_1_186' title='bbox 666 3021 731 3085; x_wconf 91' lang='lat' dir='ltr'><strong>sub</strong></span> <span class='ocrx_word' id='word_1_187' title='bbox 747 3010 1069 3109; x_wconf 57' lang='lat' dir='ltr'><strong>aequorem‘e&#39;rg&#39;or.¹</strong></span> 
     </span>
     <span class='ocr_line' id='line_1_27' title="bbox 133 3125 1192 3215; baseline -0.001 -23"><span class='ocrx_word' id='word_1_188' title='bbox 133 3157 134 3160; x_wconf 39' lang='lat'>¹</span> <span class='ocrx_word' id='word_1_189' title='bbox 237 3127 355 3215; x_wconf 87' lang='lat' dir='ltr'><strong>Terga</strong></span> <span class='ocrx_word' id='word_1_190' title='bbox 372 3127 476 3214; x_wconf 87' lang='lat' dir='ltr'><strong>fugae</strong></span> <span class='ocrx_word' id='word_1_191' title='bbox 493 3126 633 3192; x_wconf 87' lang='lat' dir='ltr'><strong>dederat</strong></span> <span class='ocrx_word' id='word_1_192' title='bbox 649 3146 818 3194; x_wconf 88' lang='lat' dir='ltr'><strong>conversa</strong></span> <span class='ocrx_word' id='word_1_193' title='bbox 834 3126 1057 3215; x_wconf 88' lang='lat' dir='ltr'><strong>Symaethius</strong></span> <span class='ocrx_word' id='word_1_194' title='bbox 1074 3125 1192 3201; x_wconf 90' lang='lat' dir='ltr'><strong>heros,</strong></span> 
     </span>
     <span class='ocr_line' id='line_1_28' title="bbox 192 3230 1235 3322; baseline -0.002 -23"><span class='ocrx_word' id='word_1_195' title='bbox 192 3244 225 3299; x_wconf 88' lang='lat' dir='ltr'><strong>et</strong></span> <span class='ocrx_word' id='word_1_196' title='bbox 242 3233 334 3298; x_wconf 84' lang='lat' dir='ltr'><strong>‘Fer</strong></span> <span class='ocrx_word' id='word_1_197' title='bbox 348 3230 462 3319; x_wconf 81' lang='lat' dir='ltr'><strong>op&#39;em,</strong></span> <span class='ocrx_word' id='word_1_198' title='bbox 482 3231 641 3310; x_wconf 85' lang='lat' dir='ltr'><strong>Galatea,</strong></span> <span class='ocrx_word' id='word_1_199' title='bbox 660 3256 796 3322; x_wconf 87' lang='lat' dir='ltr'><strong>precor,</strong></span> <span class='ocrx_word' id='word_1_200' title='bbox 815 3232 920 3298; x_wconf 88' lang='lat' dir='ltr'><strong>mihil</strong></span> <span class='ocrx_word' id='word_1_201' title='bbox 945 3234 1030 3299; x_wconf 84' lang='lat' dir='ltr'><strong>ferte</strong></span> <span class='ocrx_word' id='word_1_202' title='bbox 1045 3232 1235 3318; x_wconf 88' lang='lat' dir='ltr'><strong>parentes,&#39;</strong></span> 
     </span>
     <span class='ocr_line' id='line_1_29' title="bbox 191 3337 1110 3430; baseline -0.001 -24"><span class='ocrx_word' id='word_1_203' title='bbox 191 3340 337 3414; x_wconf 87' lang='lat' dir='ltr'><strong>dixerat,</strong></span> <span class='ocrx_word' id='word_1_204' title='bbox 357 3350 367 3380; x_wconf 79' lang='lat'><em>⁴</em></span> <span class='ocrx_word' id='word_1_205' title='bbox 380 3348 412 3403; x_wconf 91' lang='lat' dir='ltr'><strong>et</strong></span> <span class='ocrx_word' id='word_1_206' title='bbox 427 3341 547 3407; x_wconf 89' lang='lat' dir='ltr'><strong>vestris</strong></span> <span class='ocrx_word' id='word_1_207' title='bbox 565 3344 753 3429; x_wconf 90' lang='lat' dir='ltr'><strong>periturum</strong></span> <span class='ocrx_word' id='word_1_208' title='bbox 771 3343 935 3409; x_wconf 89' lang='lat' dir='ltr'><strong>admittite</strong></span> <span class='ocrx_word' id='word_1_209' title='bbox 950 3342 1068 3430; x_wconf 86' lang='lat' dir='ltr'><strong>regnis</strong></span> <span class='ocrx_word' id='word_1_210' title='bbox 1081 3337 1110 3404; x_wconf 87' lang='lat' dir='ltr'><strong>l’</strong></span> 
     </span>
     <span class='ocr_line' id='line_1_30' title="bbox 190 3438 1140 3537; baseline 0.004 -28"><span class='ocrx_word' id='word_1_211' title='bbox 190 3444 378 3532; x_wconf 89' lang='lat' dir='ltr'><strong>insequitur</strong></span> <span class='ocrx_word' id='word_1_212' title='bbox 394 3438 561 3534; x_wconf 86' lang='lat' dir='ltr'><strong>Cyclops,</strong></span> <span class='ocrx_word' id='word_1_213' title='bbox 581 3438 781 3537; x_wconf 85' lang='lat' dir='ltr'><strong>partemque</strong></span> <span class='ocrx_word' id='word_1_214' title='bbox 797 3471 817 3515; x_wconf 87' lang='lat' dir='ltr'><strong>e</strong></span> <span class='ocrx_word' id='word_1_215' title='bbox 834 3460 948 3530; x_wconf 87' lang='lat' dir='ltr'><strong>monte</strong></span> <span class='ocrx_word' id='word_1_216' title='bbox 965 3449 1140 3513; x_wconf 88' lang='lat' dir='ltr'><strong>revulsam</strong></span> 
     </span>
     <span class='ocr_line' id='line_1_31' title="bbox 190 3542 1076 3641; baseline 0.007 -27"><span class='ocrx_word' id='word_1_217' title='bbox 190 3551 308 3627; x_wconf 83' lang='lat' dir='ltr'><strong>mittit3</strong></span> <span class='ocrx_word' id='word_1_218' title='bbox 333 3561 367 3617; x_wconf 88' lang='lat' dir='ltr'><strong>et</strong></span> <span class='ocrx_word' id='word_1_219' title='bbox 382 3564 556 3621; x_wconf 87' lang='lat' dir='ltr'><strong>extremus</strong></span> <span class='ocrx_word' id='word_1_220' title='bbox 572 3542 730 3641; x_wconf 83' lang='lat' dir='ltr'><strong>quamvis</strong></span> <span class='ocrx_word' id='word_1_221' title='bbox 747 3542 902 3641; x_wconf 84' lang='lat' dir='ltr'><strong>pervenit</strong></span> <span class='ocrx_word' id='word_1_222' title='bbox 918 3555 962 3620; x_wconf 90' lang='lat' dir='ltr'><strong>ad</strong></span> <span class='ocrx_word' id='word_1_223' title='bbox 977 3556 1076 3620; x_wconf 91' lang='lat' dir='ltr'><strong>illum</strong></span> 
     </span>
     <span class='ocr_line' id='line_1_32' title="bbox 190 3655 1044 3746; baseline 0.006 -26"><span class='ocrx_word' id='word_1_224' title='bbox 190 3659 339 3746; x_wconf 87' lang='lat' dir='ltr'><strong>angulus</strong></span> <span class='ocrx_word' id='word_1_225' title='bbox 354 3659 383 3725; x_wconf 91' lang='lat' dir='ltr'><strong>is</strong></span> <span class='ocrx_word' id='word_1_226' title='bbox 402 3655 544 3737; x_wconf 86' lang='lat' dir='ltr'><strong>montis,</strong></span> <span class='ocrx_word' id='word_1_227' title='bbox 557 3673 663 3726; x_wconf 91' lang='lat' dir='ltr'><strong>totum</strong></span> <span class='ocrx_word' id='word_1_228' title='bbox 680 3673 796 3726; x_wconf 87' lang='lat' dir='ltr'><strong>tamen</strong></span> <span class='ocrx_word' id='word_1_229' title='bbox 812 3662 928 3727; x_wconf 88' lang='lat' dir='ltr'><strong>obruit</strong></span> <span class='ocrx_word' id='word_1_230' title='bbox 940 3660 1044 3726; x_wconf 89' lang='lat' dir='ltr'><strong>Acin.</strong></span> 
     </span>
    </p>

    <p class='ocr_par' dir='ltr' id='par_1_7' title="bbox 189 3755 1354 4065">
     <span class='ocr_line' id='line_1_33' title="bbox 234 3755 1354 3856; baseline 0.002 -27"><span class='ocrx_word' id='word_1_231' title='bbox 234 3763 281 3829; x_wconf 90' lang='lat' dir='ltr'><strong>At</strong></span> <span class='ocrx_word' id='word_1_232' title='bbox 297 3787 372 3843; x_wconf 89' lang='lat' dir='ltr'><strong>nos,</strong></span> <span class='ocrx_word' id='word_1_233' title='bbox 392 3768 483 3854; x_wconf 86' lang='lat' dir='ltr'><strong>quod</strong></span> <span class='ocrx_word' id='word_1_234' title='bbox 501 3768 611 3832; x_wconf 85' lang='lat' dir='ltr'><strong>solum</strong></span> <span class='ocrx_word' id='word_1_235' title='bbox 628 3755 702 3831; x_wconf 83' lang='lat' dir='ltr'><strong>fieri</strong></span> <span class='ocrx_word' id='word_1_236' title='bbox 719 3784 781 3852; x_wconf 87' lang='lat' dir='ltr'><strong>per</strong></span> <span class='ocrx_word' id='word_1_237' title='bbox 796 3767 866 3831; x_wconf 87' lang='lat' dir='ltr'><strong>fata</strong></span> <span class='ocrx_word' id='word_1_238' title='bbox 882 3756 1019 3843; x_wconf 85' lang='lat' dir='ltr'><strong>licebat,</strong></span> <span class='ocrx_word' id='word_1_239' title='bbox 1198 3778 1248 3856; x_wconf 75' lang='lat'><strong>385</strong></span> <span class='ocrx_word' id='word_1_240' title='bbox 1353 3759 1354 3812; x_wconf 61' lang='lat' dir='ltr'><strong>i</strong></span> 
     </span>
     <span class='ocr_line' id='line_1_34' title="bbox 189 3864 947 3947; baseline 0.004 -12"><span class='ocrx_word' id='word_1_241' title='bbox 189 3870 345 3947; x_wconf 83' lang='lat' dir='ltr'><strong>fecimus,</strong></span> <span class='ocrx_word' id='word_1_242' title='bbox 364 3883 401 3938; x_wconf 92' lang='lat' dir='ltr'><strong>ut</strong></span> <span class='ocrx_word' id='word_1_243' title='bbox 416 3872 506 3937; x_wconf 88' lang='lat' dir='ltr'><strong>vires</strong></span> <span class='ocrx_word' id='word_1_244' title='bbox 524 3882 713 3937; x_wconf 87' lang='lat' dir='ltr'><strong>assumeret</strong></span> <span class='ocrx_word' id='word_1_245' title='bbox 727 3870 812 3937; x_wconf 91' lang='lat' dir='ltr'><strong>Acis</strong></span> <span class='ocrx_word' id='word_1_246' title='bbox 829 3864 947 3938; x_wconf 84' lang='lat' dir='ltr'><strong>avitas.</strong></span> 
     </span>
     <span class='ocr_line' id='line_1_35' title="bbox 189 3964 986 4065; baseline -0.003 -20"><span class='ocrx_word' id='word_1_247' title='bbox 189 3980 356 4065; x_wconf 86' lang='lat' dir='ltr'><strong>puniceus</strong></span> <span class='ocrx_word' id='word_1_248' title='bbox 373 3979 416 4043; x_wconf 90' lang='lat' dir='ltr'><strong>de</strong></span> <span class='ocrx_word' id='word_1_249' title='bbox 434 3978 522 4043; x_wconf 89' lang='lat' dir='ltr'><strong>mole</strong></span> <span class='ocrx_word' id='word_1_250' title='bbox 540 3996 639 4041; x_wconf 89' lang='lat' dir='ltr'><strong>cruor</strong></span> <span class='ocrx_word' id='word_1_251' title='bbox 655 3977 831 4053; x_wconf 83' lang='lat' dir='ltr'><strong>manabat,</strong></span> <span class='ocrx_word' id='word_1_252' title='bbox 849 3987 884 4043; x_wconf 91' lang='lat' dir='ltr'><strong>et</strong></span> <span class='ocrx_word' id='word_1_253' title='bbox 898 3964 986 4043; x_wconf 86' lang='lat' dir='ltr'><strong>intra</strong></span> 
     </span>
    </p>
   </div>
   <div class='ocr_carea' id='block_1_5' title="bbox 0 0 1360 4325">
    <p class='ocr_par' dir='ltr' id='par_1_8' title="bbox 0 0 1360 4325">
     <span class='ocr_line' id='line_1_36' title="bbox 0 0 1360 4325; baseline 0 1"><span class='ocrx_word' id='word_1_254' title='bbox 0 0 1360 4325; x_wconf 95' lang='lat' dir='ltr'><strong> </strong></span> 
     </span>
    </p>
   </div>
  </div>
 </body>
</html>
