2709 4325
570 271 876 340 SkorterPooms.
1055 284 1248 355 [Hnnomes.

567 715 616 782 II.
665 715 873 780 Hunomns.

249 909 318 961 Tne
329 905 467 963 Heroides
481 908 513 978 (⁴⁸
523 909 664 962 Herolnes
673 907 703 976 ”)
718 923 766 960 are
778 923 795 959 a
807 906 895 960 series
905 904 938 959 of
946 905 1032 961 about
1040 915 1145 978 twenty
1153 907 1253 977 letters

195 992 351 1048 addressed
369 993 439 1047 srom
452 996 565 1048 various
584 993 715 1064 mythical
732 992 789 1046 and
807 993 959 1064 legendary
971 994 1255 1064 persons,-chiefly

195 1077 265 1132 from
278 1079 371 1151 lonely
383 1082 467 1134 wives
488 1081 544 1134 and
564 1081 696 1134 forsaken
715 1079 809 1134 brides
829 1087 859 1134 to
877 1081 1009 1134 husband
1021 1097 1053 1134 or
1064 1081 1150 1135 lover.
1188 1081 1254 1134 The

196 1155 322 1236 example
332 1167 400 1221 here
411 1168 494 1238 given
507 1168 532 1220 is
547 1168 594 1220 the
607 1167 668 1220 first
681 1166 737 1219 and
749 1166 871 1238 perhaps
884 1167 994 1234 bestof
1008 1168 1054 1222 the
1066 1168 1166 1223 series.

518 1360 693 1449 Penelope
715 1369 750 1426 to
781 1361 930 1449 Ulysses.

197 1538 384 1685 HANC
400 1551 457 1607 tua
474 1538 649 1626 Penelope
665 1542 757 1607 lento
773 1543 832 1607 tibi
850 1543 959 1620 mittit,
977 1543 1105 1610 Ulixe:

326 1646 387 1712 Nil
405 1647 487 1712 mihi
504 1648 687 1724 rescribas,
707 1660 870 1714 attamen
888 1650 962 1735 ipse
976 1651 1067 1744 veni.

154 1755 156 1758 ’
195 1755 302 1843 Troja
315 1755 408 1843 jacet
424 1767 527 1831 certe,
547 1755 679 1821 Danais
696 1756 805 1820 invisa
823 1757 967 1842 puellis3

176 1893 178 1896 ·
240 1861 312 1928 Vix
328 1861 486 1928 Priamus
502 1862 586 1927 tanti
602 1874 740 1949 totaque
755 1863 862 1951 Troja
880 1863 952 1928 suit.

196 1967 229 2034 Ο
245 1969 376 2034 utinam
392 1980 478 2046 tum,
498 1991 576 2034 cum
594 1969 861 2034 Lacedaemona
878 1971 989 2036 classe
1004 1969 1156 2057 petebat,
1239 1980 1257 2056 ς

243 2074 394 2142 Obrutus
410 2076 541 2142 insanis
558 2087 647 2140 esset
664 2077 796 2141 adulter
813 2076 911 2164 aquis
924 2075 942 2146 1.

195 2184 278 2251 Non
295 2206 362 2273 ego
379 2184 513 2249 deserto
527 2183 712 2273 jacuissem
731 2184 856 2271 frigida
873 2185 974 2261 lecto,

208 2310 210 2315 ’
242 2291 323 2357 Non
339 2312 502 2378 quererer
518 2291 632 2355 tardos
648 2290 698 2354 ire
715 2292 830 2355 relicta
848 2290 942 2366 dies;

195 2398 275 2465 Nec
292 2398 375 2462 mihi
391 2398 568 2485 quaerenti
585 2398 770 2483 spatiosam
788 2397 906 2463 fallere
923 2408 1058 2464 noctem

241 2505 424 2571 Lassasset
439 2505 561 2571 viduas
579 2504 730 2591 pendula
746 2505 814 2568 tela
831 2526 967 2571 manus.
1223 2539 1260 2578 10

197 2610 349 2699 Quando
366 2634 432 2702 ego
449 2634 517 2678 non
535 2611 631 2677 timui
649 2612 807 2699 graviora
825 2612 978 2697 pericula
992 2609 1106 2678 veris?

242 2720 315 2785 Res
333 2731 383 2786 est
398 2719 533 2786 solliciti
551 2719 653 2805 plena
669 2718 800 2784 timoris
818 2740 926 2783 amor.

196 2826 285 2892 Inte
302 2828 477 2915 fingebam
494 2826 661 2891 violentos
678 2824 789 2890 Troas
807 2825 932 2899 ituros3

240 2933 392 2999 Nomine
409 2934 443 2997 in
462 2934 634 2998 Hectoreo
651 2932 780 3017 pallida
798 2953 934 3017 semper
949 2951 1057 2996 eram.

100 3060 101 3063 ’
196 3040 278 3107 Sive
294 3040 370 3128 quis
386 3040 609 3106 Antilochum
628 3040 790 3103 narrabat
807 3039 851 3103 ab
868 3038 1017 3103 Hectore
1034 3038 1177 3116 victum,
1225 3070 1259 3127 15

240 3145 446 3213 Antilochus
463 3149 567 3213 nostri
585 3169 690 3213 causa
707 3145 836 3211 timoris
856 3156 947 3220 erat3
1012 3220 1014 3224 .

196 3253 291 3328 Sive,
310 3253 554 3320 Menoetiaden
571 3254 665 3319 salsis
686 3253 850 3319 cecidisse
868 3252 932 3318 sub
949 3251 1066 3327 armis,

240 3361 385 3426 Flebam
403 3384 564 3427 successu
580 3384 682 3446 posse
700 3382 818 3426 carere
836 3359 953 3432 dolos3

196 3468 376 3556 Sanguine
391 3468 615 3554 Tlepolemus
633 3467 780 3554 Lyciam
797 3468 1006 3553 tepefecerat
1023 3467 1174 3545 hastam,

240 3574 436 3661 Tlepolemi
453 3576 519 3640 leto
536 3595 618 3639 cura
636 3585 760 3638 novata
778 3596 855 3638 mea
872 3586 944 3648 est3
978 3590 982 3594 ’
1223 3606 1260 3645 20

196 3681 368 3769 Denique,
387 3681 540 3768 quisquis
557 3691 629 3745 erat
644 3680 764 3745 castris
777 3680 957 3768 jugulatus
973 3678 1121 3745 Achivis

240 3788 414 3876 Frigidius
431 3788 543 3876 glacie
561 3799 680 3872 pectus
697 3788 843 3851 amantis
859 3799 944 3851 erat.

197 3895 267 3961 Sed
284 3898 371 3960 bene
388 3895 558 3960 consuluit
574 3905 666 3959 casto
685 3895 769 3958 deus
787 3914 917 3980 aequus
934 3894 1064 3959 amori:

141 4064 143 4068 .
240 4002 353 4068 Versa
370 4012 419 4067 est
434 3999 469 4065 in
487 4001 619 4066 cineres
636 4000 762 4086 sospite
778 3998 886 4088 Troja
902 4000 989 4065 viro.
