2709 4325
177 252 222 319 30
371 254 411 301 11.
451 234 487 301 T
480 234 523 300 lte
544 232 751 301 Adventare
773 237 821 320 of
833 230 1028 301 Phaethon.
1081 250 1232 323 [mmm

176 431 297 507 credit,
315 442 352 496 ut
366 430 490 518 injuste
507 430 602 496 missi
619 451 751 496 memor
766 430 858 518 ignis
874 430 919 496 ab
935 431 1016 497 illos

176 550 300 625 stagna
317 538 399 624 petit
415 538 617 623 patulosque
633 537 744 612 lacus,
762 537 949 624 ignemque
966 559 1122 623 perosus,

175 664 265 730 quae
277 645 383 719 colat,
402 642 506 730 elegit
522 644 692 708 contraria
707 642 850 706 flumina
865 642 1026 708 flammis.
1175 663 1232 730 380

221 743 556 835 Squaliduslinterea
572 749 707 837 genitor
723 738 959 851 Phaethontis,
978 749 1019 818 et'
1027 770 1152 836 expers

175 856 249 941 ipse
266 855 318 919 sui
334 855 480 931 decoris,
498 855 610 941 qualis
626 876 706 919 cum
722 854 838 919 deficit
853 856 971 919 orbem

175 970 250 1027 es'se
267 961 365 1037 solet,
382 962 563 1047 lucemque
579 960 650 1025 odit
666 980 771 1046 seque
787 960 861 1045 ipse
877 961 1051 1047 diemque,

175 1068 300 1153 datque
318 1068 470 1131 animum
485 1066 521 1131 in
537 1067 661 1142 luctus,
680 1078 714 1131 et
729 1066 876 1131 luctibus
892 1066 996 1131 adicit
1009 1067 1111 1144 iram,
1173 1129 1176 1133 Δ

174 1172 392 1258 officiumque
408 1182 513 1259 negat
528 1172 671 1237 mundo.
722 1170 855 1237 ‘Satis'
872 1172 980 1259 inquit
995 1174 1060 1239 ‘ab
1076 1174 1154 1245 aevi
1175 1192 1232 1261 385

175 1301 248 1344 sors
265 1279 341 1343 mea
358 1278 533 1363 principiis
551 1277 613 1342 fuit
628 1277 832 1364 inrequieta,
852 1278 1014 1365 pigetque
1105 1286 1108 1292 '

175 1397 331 1450 actorum
339 1385 419 1449 sine
435 1384 504 1449 fine
521 1384 617 1460 mihi,
636 1384 710 1449 sine
727 1385 857 1449 honore
874 1386 1042 1451 laborum.

173 1492 315 1579 quilibet
331 1492 416 1555 alter
432 1501 514 1578 agat
529 1501 703 1575 portantes
719 1490 851 1555 lumina
867 1511 1009 1556 currusz

174 1598 203 1663 si
220 1618 321 1662 nemo
338 1608 401 1673 est,
419 1617 607 1683 omnesque
624 1596 680 1661 dei
697 1618 765 1661 non
783 1617 883 1681 posse
900 1596 1060 1675 fatentur,

173 1705 246 1790 ipse
265 1713 366 1791 agat;
391 1713 428 1767 ut
444 1676 577 1779 sallem,
596 1702 678 1767 dum
689 1714 829 1768 nostras
845 1714 988 1789 temptat
1002 1704 1172 1784 habenas,

172 1811 332 1877 orbatura
348 1821 462 1895 patres
480 1809 664 1895 aliquando
681 1808 825 1873 fulmina
842 1789 958 1894 pllnat.

172 1929 243 1982 tum
260 1917 356 1993 sciet,
374 1916 576 2004 ignipedum
593 1916 683 1981 vires
700 1918 861 2001 expertus
877 1937 1056 2002 equorum,

172 2047 240 2090 non
259 2025 423 2089 meruisse
439 2044 574 2099 necem,
592 2023 737 2115 quinon
753 2024 842 2088 bene
858 2024 984 2088 rexerit
998 2008 1100 2091 illos?

216 2130 319 2196 Talia
336 2129 505 2197 dicen-tem
523 2129 744 2196 circumstant
758 2130 875 2196 omnia
892 2128 1011 2196 Solem

171 2235 333 2312 numina,·
344 2257 432 2300 neve
448 2235 530 2300 velit
546 2235 705 2300 tenebras
722 2234 886 2300 inducere
901 2235 1018 2312 rebus,
1139 2267 1145 2276 ·
1171 2267 1226 2326 395

172 2342 327 2429 supplice
343 2363 429 2408 voce
445 2352 589 2430 rogant3
615 2342 738 2408 missos
754 2363 890 2428 quoque
902 2341 1060 2428 juppiter
1075 2342 1176 2433 ignes
1212 2375 1217 2389 ·

171 2462 324 2528 excusat,
343 2451 570 2538 precibusque
587 2451 699 2517 minas
715 2450 877 2538 regaliter
892 2451 997 2529 addit

171 2557 302 2646 colligit
317 2570 472 2625 amentes
486 2570 520 2624 et
536 2559 650 2624 adhuc
665 2571 795 2624 terrore
811 2569 975 2645 paventes

141 2712 143 2717 -
170 2663 332 2731 Phoebus
349 2687 467 2752 equos,
487 2665 691 2752 stimuloque
708 2666 853 2732 domans
867 2676 902 2732 et
916 2666 1060 2732 verbere
1075 2668 1211 2735 caedit:

170 2772 278 2838 saevit
293 2772 398 2849 enim,
417 2783 602 2860 natumque
619 2772 767 2862 objectat
782 2784 816 2838 et
830 2772 975 2860 imputat
989 2772 1070 2840 illis.
1167 2805 1223 2859 400

159 1460 172 1500 >
