2709 4325
183 238 248 304 128
406 237 560 325 Rz'valry
584 237 632 322 os
644 235 745 326 Ajax
767 235 841 300 arrd
868 225 1016 320 Ulysse's.
1090 244 1233 322 [Martii.

181 458 270 523 quae
286 434 352 500 nisi
369 433 541 511 fecissem,
559 435 683 500 srustra
699 435 891 499 Telamone
906 441 1042 498 creatus

181 553 351 630 gestasset
366 543 465 606 laeva
481 553 657 612 taurorum
673 553 811 628 tergora
827 553 971 624 septem.

182 649 241 713 illa
258 659 357 714 nocte
375 647 459 713 mihi
474 647 603 735 Trojae
619 647 761 712 victoria
778 657 874 733 parta
891 656 962 711 est:

182 755 356 842 Pergama
372 766 454 821 tunc
469 754 549 829 vici,
569 775 647 818 cunr
663 753 755 818 vinci
772 775 872 839 posse
889 752 1000 840 coegi.

229 870 237 899 ‘
255 858 385 924 Desine
401 858 565 945 Tydiden
581 858 745 944 vultuque
761 868 795 921 et
811 865 984 921 murmure
1000 855 1101 923 nobis
1183 887 1236 944 350

182 977 353 1031 ostentare
369 987 506 1031 meum:
531 985 611 1051 pars
627 976 678 1029 est
695 985 758 1029 sua
769 963 885 1028 laudis
901 963 935 1027 in
952 962 1023 1028 illo.

181 1094 248 1138 nec
263 1085 311 1147 tu,
331 1093 409 1138 cum
426 1073 519 1138 socia
535 1072 687 1157 clipeum
703 1092 764 1155 pro
780 1071 892 1134 classe
907 1070 1061 1146 tenebas,

182 1180 275 1245 solus
293 1200 391 1244 eras:
415 1178 475 1242 tibi
492 1178 591 1242 turba
608 1198 738 1252 comes,
756 1175 840 1239 mihi
858 1176 999 1263 contigit
1014 1197 1124 1250 unus;

95 1351 100 1362 ,
182 1285 240 1372 qui
257 1285 322 1350 nisi
340 1306 535 1372 pugnacem
554 1284 655 1348 sciret
671 1283 825 1367 sapiente
841 1282 1009 1347 minorem

79 1467 82 1473 Ι
182 1413 271 1466 esse,
291 1413 356 1456 nec
372 1391 558 1456 indomitae
574 1389 694 1454 deberi
710 1387 864 1474 praemia
880 1388 1035 1463 dextrae,
1183 1417 1235 1474 ³55

182 1496 256 1582 ipse
273 1519 408 1585 quoque
425 1497 513 1563 haec
528 1507 677 1582 peteret3
704 1506 834 1581 peteret
850 1493 1056 1559 moderatior
1070 1491 1180 1582 Ajax,

183 1603 453 1692 Eurypylusque
471 1603 580 1680 ferox,
598 1602 763 1688 claroque
779 1598 1024 1686 Andraemone
1041 1611 1162 1674 natus;

183 1732 248 1776 nec
265 1712 381 1776 minus
395 1710 615 1785 Idomeneus,
635 1709 814 1794 patriaque
829 1718 964 1772 creatus
980 1705 1103 1771 eadem

183 1815 381 1893 Meriones;
405 1827 537 1904 peteret
552 1814 693 1904 majoris
709 1814 813 1880 frater
828 1812 994 1879 Atridae:

182 1924 309 2010 quippe
326 1924 563 1999 manufortes,
581 1943 647 1988 uec
663 1932 743 1988 sunt
758 1920 841 1987 mihi
858 1933 968 1987 marte
982 1918 1139 1997 secundi,
1181 1933 1238 2007 360

183 2030 333 2096 consiliis
351 2050 486 2096 cessere
504 2028 603 2095 meis.
650 2028 733 2094 Tibi
748 2029 890 2094 dextera
905 2028 998 2095 bello

182 2136 294 2202 utilis:
318 2135 497 2225 ingenium
514 2148 577 2213 est,
596 2136 691 2223 quod
707 2147 787 2224 eget
801 2135 1037 2202 moderamine
1053 2145 1180 2202 nostro.

182 2253 219 2307 tu
235 2243 326 2308 vires
341 2244 415 2308 sine
431 2255 545 2310 mente
562 2244 676 2332 geris:
702 2243 787 2308 mihi
803 2263 893 2309 cura¹
903 2244 1018 2309 futuri.

182 2360 220 2413 tu
236 2370 391 2437 pugnare
408 2361 524 2436 potes:
550 2350 732 2438 pugnandi
746 2361 902 2435 tempora
919 2370 1055 2416 mecum

184 2455 280 2543 eligit
295 2455 446 2522 Atrides.
493 2456 551 2523 Tu
566 2467 860 2542 tantumcorpore
876 2458 1023 2541 prodes:
1184 2474 1235 2544 365

183 2584 247 2629 nos
262 2563 389 2628 animo.
438 2561 647 2650 Quantoque
663 2575 771 2628 ratem
788 2562 847 2649 qui
863 2574 1043 2649 temperat,
1062 2562 1168 2629 anteit

183 2668 327 2758 remigis
341 2664 504 2745 officium,
521 2681 649 2756 quanto
664 2670 738 2735 dux
754 2669 860 2735 milite
875 2670 1000 2759 major,

183 2786 314 2842 tantum
330 2796 398 2863 ego
414 2786 447 2841 te
463 2796 599 2861 supero.
648 2774 728 2841 Nec
744 2795 812 2841 non
829 2776 1025 2863 incorpore
1040 2788 1157 2845 nostro

183 2894 322 2968 pectora
338 2893 416 2949 sunt
431 2883 562 2969 potiora
580 2902 705 2947 manu:
731 2882 829 2971 vigor
845 2883 958 2949 omnis
973 2883 1009 2949 in
1026 2883 1104 2949 illis.

230 2999 240 3029 ⁴
254 2987 302 3055 At
319 3010 391 3063 vos,
409 2988 443 3055 Ο
456 3010 630 3075 proceres,
648 2982 746 3077 vigili
763 2992 842 3055 date
859 2990 1013 3076 praemia
1027 3002 1164 3058 vestros
1185 3023 1237 3079 370

183 3115 314 3180 proque
330 3104 379 3160 tot
394 3116 561 3160 annorum
579 3116 673 3172 cura,
691 3097 816 3184 quibus
833 3098 958 3163 anxius
974 3097 1046 3187 egi,

183 3202 277 3265 hunc
293 3201 424 3265 titulum
443 3203 569 3268 meritis
587 3206 803 3289 pensandum
821 3206 952 3271 reddite
967 3203 1100 3271 nostris.

179 3306 252 3396 jam
268 3307 366 3372 labor
381 3307 416 3371 in
432 3308 499 3373 fine
517 3321 587 3375 est:
611 3311 784 3376 obstantia
800 3311 870 3375 fata
885 3311 1029 3387 removi,

183 3414 319 3500 altaque
336 3434 438 3499 posse
454 3416 531 3501 capi
549 3417 708 3482 faciendo
724 3416 910 3505 Pergama,
929 3407 1024 3504 cepi,

182 3541 245 3606 per
260 3540 339 3605 spes
356 3541 448 3587 nunc
465 3524 590 3597 socias,
610 3544 802 3609 casuraque
819 3524 955 3589 moenia
970 3525 1116 3601 Troum,
1186 3558 1238 3613 375

182 3646 310 3711 perque
328 3626 410 3693 deos
426 3651 499 3705 or0,
517 3648 603 3714 quos
620 3628 707 3692 hosti
726 3650 835 3712 nuper
850 3630 977 3706 ademi,

182 3752 245 3817 per
260 3732 372 3819 siquid
389 3744 556 3819 superest,
574 3734 667 3819 quod
684 3734 728 3797 sit
743 3735 916 3818 sapienter
931 3736 1121 3822 agendum,
1131 3738 1183 3787 .·.

182 3836 211 3902 si
226 3838 309 3923 quid
327 3839 440 3904 adhuc
457 3840 584 3911 audax,
603 3860 647 3901 ex
664 3838 910 3925 praecipitique
929 3841 1114 3925 petendum
1130 3854 1198 3918 est,

183 3944 211 4009 si
227 3943 354 4030 Trojae
372 3943 448 4009 satis
465 3942 594 4029 aliquid
611 3957 739 4008 restare
755 3946 893 4028 putatis,
905 3982 950 3997 —-
